2954 4936
528 203 699 264 ικικοου
730 203 767 262 ιι.
804 198 888 282 (ιιι)
1243 195 1286 262 νο

183 363 259 446 697.
287 352 362 427 *έτι
382 353 435 426 σῶν
453 360 524 454 τῷο
541 352 675 436 Ὀϊλεύς.

184 496 259 562 702.
285 467 423 544 *forar’
440 468 492 543 ἄπ’
510 468 654 569 Αἴαντος]
671 468 836 559 Ζηνοδοτος
861 470 982 565 χάζετ’
1011 466 1067 541 ἄπ’
1093 466 1259 551 Αἴαντος.

184 611 259 682 705.
288 585 406 688 *χωρὶς
424 597 475 662 τοῶ
491 588 516 672 υ,
535 587 726 677 άυεκηκίει,
744 583 798 660 καὶ
814 585 864 659 δεδι
879 594 932 659 τοῶ
948 585 973 660 ἶ.

184 729 260 798 707.
287 705 404 806 ἱεμένω]
420 703 465 780 ῶτι
483 703 549 779 ἀντὶ
566 713 619 778 τοῶ
637 705 779 801 ἱεμένους·
804 702 839 775 τῶ
859 703 919 801 γδιρ
942 704 1046 798 ιἐμέυυ
1072 704 1153 801 ῶρθην
1169 699 1220 775 καὶ
1237 702 1287 774 αι’-

131 825 274 912 τιατικηυ
292 822 445 917 σημαίνει,
462 820 513 896 καὶ
528 820 576 896 ’ὅτι
595 823 682 917 τέμει
700 817 766 894 ἀντὶ
784 828 836 894 τοῶ
853 820 957 921 τέμνῃ.
1301 834 1320 895 5

183 940 271 1036 τέμει
290 941 322 1013 δέ
337 974 372 1014 τε
389 941 498 1013 τέλσον
515 937 653 1038 άροῶρης]
675 939 805 1011 τέλσον
829 937 866 1018 ῶς
886 938 1005 1036 χέρσον·
1031 937 1134 1033 γέγονε
1156 936 1187 1009 δὲ
1201 935 1288 1009 κατδι

131 1059 324 1154 μεταβολὴν,
340 1058 424 1157 παρῶ
441 1055 475 1131 τῶ
493 1056 592 1144 τέλος,
610 1057 830 1136 πλεονάσαντος
847 1062 901 1126 τοῶ
917 1059 950 1126 ἃ.

187 1197 260 1266 712.
288 1173 348 1248 οὐδ’
368 1173 413 1273 ἄρ’
432 1172 580 1276 Ὀϊλιάδῃ
595 1169 801 1270 μεγαλήτορι]
825 1169 874 1244 δτι
892 1168 1056 1260 Ζηνοδοτος
1071 1172 1184 1269 γράφει
1198 1165 1288 1242 ἀλλ’

133 1289 200 1364 οῶκ
223 1289 385 1392 Ἰλιάδη.
421 1294 436 1364 o‘
459 1284 640 1384 δὲ”Ομηρος
658 1287 711 1362 σῶν
727 1296 769 1388 τῷ
786 1284 802 1358 ο
818 1288 902 1384 λέγει
918 1285 1088 1375 Ὀϊλιάδης.

188 1431 260 1502 713.
292 1405 396 1506 *σφι]
425 1403 517 1489 νῶτος
541 1404 759 1506 Ἀρίσταρχος,
784 1402 877 1502 χωρὶς
901 1411 954 1477 τοῶ
978 1415 1004 1490 ἶ,
1032 1416 1112 1497 σφι·
1146 1401 1288 1502 Ἀριστο·
1303 1428 1342 1472 10

134 1527 235 1618 φάνης
252 1525 284 1598 δὲ
301 1524 355 1597 σῶν
371 1534 413 1624 τῷ
427 1535 454 1598 υ.

188 1665 261 1733 724
288 1639 366 1714 *ῶτι
383 1649 514 1730 θηλυκῶς
531 1641 584 1729 την
595 1634 698 1714 Ἴλιον.

188 1782 263 1852 725.
290 1757 364 1832 *ῶτι
383 1757 518 1832 έλλείπει
536 1761 555 1850 ἡ
572 1756 655 1856 πράς,
671 1753 902 1856 πρδςἝκτορα.

188 1898 262 1968 727.
288 1872 392 1950 οῶυεκά
408 1909 453 1949 τοι
471 1872 537 1972 περὶ
555 1872 642 1974 δῶκε]
664 1872 698 1948 τδ
723 1874 815 1974 περί
835 1871 901 1947 ἀντὶ
927 1882 979 1947 τοῶ
998 1882 1159 1973 περισσῶς·
1195 1870 1229 1946 τδ
1255 1873 1286 1946 δέ

135 1995 229 2067 δῶκε
249 1991 536 2092 προπερισπαστέου.
1304 2014 1341 2075 15

188 2109 302 2185 *τοῶτο
328 2108 383 2202 ἀφ’
407 2110 511 2209 έτέρας
538 2110 637 2208 ἀρχῆς
662 2108 873 2206 ἀναγνωστέον·
907 2109 992 2204 λέγει
1020 2101 1064 2182 δέ
1080 2108 1108 2181 ἔν
1134 2107 1287 2208 ὑποκρίσει

134 2230 253 2327 έρυτῶν.

188 2368 263 2440 731.
290 2344 319 2418 ἓν
344 2342 429 2443 άλλρ
454 2340 506 2416 καὶ
528 2342 612 2427 νῶτος
637 2354 660 2387 “
673 2343 760 2443 άλλιρ
781 2344 806 2416 δ’
824 2341 988 2442 ὄρχηστῶυ,
1004 2343 1093 2442 ἑτέρην
1110 2339 1220 2439 κίθαριν
1237 2340 1288 2414 καὶ

134 2461 279 2553 οἰοιδη’ν.”ι

187 2603 262 2675 733.
290 2575 452 2677 *πολλοιΊ
468 2574 694 2674 Ἀριστοφάνης
716 2575 862 2650 πολλῶν.
1187 2624 1190 2629 »
1302 2608 1342 2647 νο

188 2722 261 2790 734.
287 2695 510 2791 περισπαστέον
534 2691 568 2766 τδ
594 2703 721 2774 πολεῖς
747 2693 785 2775 ῶς
808 2702 928 2792 ταχεῖς,
950 2692 1057 2787 ῶμοιόνς
1082 2701 1125 2791 τῷ
1151 2702 1173 2735 “
1183 2700 1288 2773 πολεῖς

135 2810 273 2886 ν’λέσαντ’
290 2811 409 2900 αι’ζηοῶς
421 2813 439 2842 ”
458 2814 513 2907 (ll.
527 2832 576 2903 15,
589 2813 656 2906 66).
682 2819 769 2883 τοῶτο
786 2809 818 2882 δέ
834 2824 929 2902 φημι,
948 2808 1018 2883 έπει’
1029 2841 1108 2892 τινες
1125 2808 1286 2894 βούλονται

136 2929 223 3004 έυεκα
245 2929 409 3025 ἐμφάσεως
432 2927 567 3023 μείζονος
590 2926 759 3022 βαρυτάυος
780 2924 1001 3022 άιαγιυῶσκειι,
1018 2922 1062 3008 οἷς
1080 2928 1218 3024 μάχεται
1235 2923 1288 2998 καὶ

136 3044 361 3146 ἧάρθογροιφέα
377 3049 396 3136 ἧ
415 3041 605 3124 κατ’Ἴοιυας.
631 3048 650 3135 ἡ
677 3043 769 3132 διπλῆ
786 3043 829 3133 δέ,
852 3042 897 3116 ῶτι
923 3042 1005 3116 κατδι
1031 3042 1214 3136 συναλοιφὴν
1240 3042 1289 3115 έκ-
1387 3080 1389 3085 ·

137 3162 277 3253 ληπτέον,
296 3158 342 3234 ἵνα
359 3160 520 3259 διαιρῆται,
537 3163 681 3256 μάλιστα
698 3160 731 3235 δέ
747 3193 780 3234 κε
798 3159 899 3243 αῶτάς.
1303 3191 1342 3251 25

190 3289 264 3374 736.
289 3283 387 3368 πάντη
411 3281 470 3376 γάρ
489 3311 525 3351 σε
545 3275 614 3374 περὶ
641 3275 806 3376 στέφανος]
831 3277 876 3350 ῶτι
895 3279 1043 3370 στέφανον
1059 3276 1178 3375 ἡρωϊκῶν
1194 3276 1290 3373 πράσ-

137 3403 213 3470 οιπον
230 3395 360 3491 ῶυάμακε
378 3395 427 3469 διδι
444 3405 499 3468 τῶν
514 3394 673 3491 γευομένου
690 3393 793 3467 αὐτῶν·
830 3394 896 3469 οῶτε
913 3395 972 3494 γάρ
990 3396 1019 3468 οἱ
1033 3405 1088 3485 τῆς
1106 3394 1288 3485 Πηνελάπης

136 3522 308 3613 μνηστῆρες
333 3511 392 3586 νῶθ’
411 3513 440 3586 οἱ
455 3511 593 3593 Φαίακες
616 3510 675 3585 οῶθ’
694 3512 723 3585 οἷ
746 3509 795 3585 έπδ
811 3521 866 3584 τῶν
883 3519 987 3585 θυσιῶν
1013 3512 1185 3607 έστέφοντο.
1215 3513 1289 3584 ἀλλ’

139 3631 212 3712 ἴσως
241 3629 299 3704 άτδ
323 3641 377 3721 τῆς
408 3629 488 3704 κατῶι
518 3629 571 3718 τὴν
601 3629 754 3726 έμπλοκην
785 3634 941 3726 στεφάνης
968 3629 1018 3703 διδι
1051 3628 1086 3704 τῶ
1113 3630 1289 3728 κυκλοτερές

139 3747 266 3847 εἴρηται.
1127 3746 1128 3750 “
1304 3786 1344 3845 30

182 4097 211 4154 3.
230 4075 365 4160 ἀνεκηκίει]
394 4077 461 4139 Ηοο
485 4079 616 4156 ineptum
641 4084 694 4140 est.
780 4080 825 4137 18.
861 4077 927 4137 Ηοο
951 4075 1081 4137 scholion
1105 4094 1208 4137 manus
1231 4095 1288 4137 rec.

140 4159 258 4237 Duplex
281 4166 401 4220 notatur
429 4160 580 4238 scriptura,
602 4162 695 4220 altera
734 4159 842 4238 legitur
855 4160 887 4218 in
901 4159 959 4217 ima
972 4157 1087 4236 pagina.

139 4243 274 4314 ἀνακηκίει,
288 4242 379 4302 altera
392 4244 527 4316 ἀνεκήκιεν.
559 4243 598 4303 In
608 4246 693 4303 textu
778 4261 793 4300 2
798 4256 825 4316 5.
847 4265 875 4298 κε
895 4235 1045 4322 Lehrsius]
1060 4241 1109 4299 καὶ.
1153 4238 1191 4299 In
1204 4244 1289 4300 textu

139 4323 247 4384 mdicis
261 4330 305 4384 est
319 4323 450 4396 ἀνέκηκίει.
738 4325 769 4381 δέ
781 4324 802 4379 κ’
816 4326 899 4381 αὐτόν.

182 4425 209 4478 4.
230 4408 320 4479 ἲεμέυοι
339 4411 369 4466 et
388 4415 499 4479 ἴεμενους
516 4405 579 4467 sine
592 4405 696 4485 spiritu
782 4418 830 4480 27.
857 4399 913 4484 διὰ]
941 4404 1063 4461 οὐδέποτε
1090 4405 1119 4460 δὲ
1145 4404 1290 4479 χρωμένους

141 4485 174 4547 in
187 4485 224 4548 A.
739 4487 860 4563 εἰσήγαγε
875 4489 918 4543 διὰ
931 4484 1076 4546 ῙνθῙΙΓΒίυΒ.
