2954 4936
604 207 837 287 1011111101.
882 233 896 244 ·

188 397 261 446 221.
284 400 314 464 3,
331 400 361 458 4.
385 378 476 442 Conf.
492 380 601 463 Etym.
617 378 666 443 M.
681 399 712 462 p.
729 380 803 465 693,
820 396 871 459 30.

149 561 151 565 ι
189 501 262 548 221.
282 498 331 566 15.
357 483 398 545 In
413 486 521 546 annot.
536 503 593 565 pro
609 489 629 519 “
639 481 799 560 delendo,''
813 481 936 566 corrige
952 489 970 518 “
980 473 1134 546 delendi.”

189 586 326 650 221.18.
344 586 464 666 ἔκηλοςε
481 586 651 650 δασυντέον·
669 589 748 666 παρὰ
762 588 820 667 γὰρ
834 585 869 649 τὸ
885 588 971 650 εἴκων
986 582 1118 674 ἐγένετο]
1135 586 1241 665 ἕκηλος
1254 585 1295 649 ab

146 691 223 766 εἴκω,
241 687 274 751 ’τὸ
290 693 444 772 ὑποχωρῶ,
458 688 615 752 derivavit
631 688 724 767 OruS,
740 694 778 752 ut
794 689 829 752 in
851 689 1068 773 Etymologioi
1082 689 1187 754 codiee
1202 688 1297 754 Vossi

147 797 337 855 annotatum
361 796 417 869 est,
443 792 497 856 sed
522 792 556 856 in
581 793 700 856 scholio
725 799 834 858 nostro
856 793 1078 878 corrigendum
1101 795 1135 857 τὸ
1161 794 1235 858 ἑκών
1258 815 1297 856 ex

147 894 256 978 Etym.
274 896 322 960 M.

191 1011 264 1080 225.
292 1019 343 1084 30.
382 996 536 1086 ἡδιπλῆ]
576 998 736 1076 Deleatur‚
766 1021 865 1083 quum
893 1001 924 1062 A
958 999 1050 1063 solita
1086 998 1298 1063 inconstantia

146 1104 285 1169 omittat.
330 1105 384 1169 Sic
405 1105 488 1168 idem
505 1129 535 1188 p.
554 1106 625 1184 228,
642 1124 680 1169 21
698 1106 826 1186 habeta
842 1110 942 1186 διπλῆ,
959 1108 1013 1170 sed
1033 1105 1156 1170 omittit
1170 1105 1227 1169 lin.
1244 1123 1298 1185 24,

147 1207 202 1270 ubi
217 1208 257 1271 ab
272 1207 447 1272 Villoisono
463 1208 606 1272 additam
621 1215 680 1272 est.

194 1330 267 1396 234.
285 1313 315 1376 6.
340 1309 455 1400 ἐδέετο]
474 1312 527 1375 Sic
542 1313 602 1374 hoc
618 1311 684 1375 loco
700 1314 740 1389 A,
759 1334 824 1375 non
846 1315 939 1376 ἐδεῖτο
954 1317 992 1375 ut
1006 1311 1170 1375 Bekkerus
1192 1311 1299 1378 hicet

149 1413 227 1477 alibi
242 1415 297 1477 uhi
312 1416 343 1478 A
358 1417 476 1499 pariter
491 1415 597 1481 ἐδέετο.

193 1532 266 1603 337.
282 1539 313 1598 4.
337 1515 429 1606 ὅληα]
447 1518 578 1603 Corrige
593 1523 675 1598 ἵληαι
690 1523 723 1583 01
738 1516 794 1582 lin.
809 1538 844 1580 11
861 1511 947 1582 ἐννέα
960 1541 1017 1602 pro
1033 1518 1123 1597 ἐννήα
1138 1522 1171 1582 01
1184 1518 1240 1582 lin.
1261 1537 1299 1603 13

150 1620 229 1684 adde
240 1621 433 1687 asteriscum.

194 1744 268 1810 239.
285 1726 315 1790 8.
339 1725 779 1808 ἄκρωςΒο111101110,ἄκρονΑ.
826 1725 1059 1810 Corrigendum
1074 1726 1210 1807 ἄκρατον.
1245 1721 1301 1787 Sic

150 1852 181 1912 p.
198 1831 273 1907 288,
289 1849 327 1896 12
344 1831 407 1894 ἔστι
423 1833 454 1894 δὲ
470 1832 596 1912 ἄκρατον
612 1833 738 1912 Δώριον.

195 1953 267 2019 239.
287 1954 335 2020 13.
358 1936 400 1998 In
415 1935 563 1999 lemmate
577 1935 793 1999 annotationis
807 1935 875 1999 dele
891 1935 1007 2018 ἔχοντα.

195 2056 268 2116 240.
285 2057 336 2123 31.
360 2038 410 2102 τὸν
432 2039 484 2102 οὐκ
507 2034 634 2126 ἀγαθόν]
659 2039 757 2102 Recte
779 2046 837 2102 τῶν
859 2040 911 2102 οὐκ
933 2042 1053 2120 ἀγαθῶν
1074 2039 1110 2102 111
1129 2036 1247 2104 Townl.
1269 2042 1304 2100 01

153 2141 241 2223 Lips.
288 2141 474 2205 Callimachi
497 2141 590 2204 verba
613 2141 709 2203 fuisse
729 2141 879 2204 videntur
895 2147 1002 2222 φωτῶν
1024 2141 1076 2204 οὐκ
1094 2143 1215 2222 ἀγαθῶν
1238 2143 1304 2220 ἔρν-

150 2246 310 2310 σίπτολινε
333 2246 371 2307 de
387 2266 448 2328 quo
464 2243 547 2307 dixit
563 2244 772 2308 Schneiderus
786 2246 826 2308 ad
846 2243 1034 2308 Callimachi
1047 2244 1086 2308 fr.
1102 2245 1166 2324 462
1182 2267 1213 2329 p.
1229 2245 1303 2330 625.

195 2367 269 2425 241.
286 2361 337 2428 25.
365 2349 406 2410 In
420 2356 528 2412 annot.
543 2347 602 2411 col.
616 2367 644 2414 2.
660 2347 716 2412 lin.
735 2367 752 2414 2
768 2345 924 2435 ἠμεείβεὲ]
943 2347 1074 2432 Corrige
1089 2345 1223 2429 ἠμείβεὲ.

197 2464 269 2532 255.
286 2470 336 2531 24.
364 2452 403 2514 111
419 2455 526 2514 annot.
542 2474 598 2534 pro
615 2460 632 2488 “
642 2456 696 2534 γῆς
711 2451 807 2516 πάντα
816 2449 836 2480 ’'
852 2450 973 2535 corrige
990 2459 1008 2487 “
1018 2455 1075 2532 γῆν
1090 2449 1218 2516 πάντα.”

196 2556 269 2620 260.
286 2577 315 2640 3.
339 2555 567 2636 ἀλλεπάλληλον
583 2558 633 2620 δύο
648 2553 756 2644 ὀξεῖαι]
774 2555 815 2619 Id
829 2561 877 2619 est
892 2556 1036 2637 γενέσθαί
1045 2581 1090 2619 τε.

198 2662 292 2722 καίτοι
315 2661 509 2723 σπονδειακόν
525 2656 621 2747 ἐστιν]
643 2659 714 2723 Ηοο
735 2657 825 2722 addit
847 2658 921 2742 quia
943 2657 978 2720 in
999 2658 1157 2722 trochaeis
1176 2663 1306 2723 tantum

153 2761 214 2825 hoc
228 2767 360 2826 accentu
374 2762 552 2839 utebantur,
569 2761 823 2844 101111ὅφράμοι,
839 2761 910 2826 ἔνθά
927 2788 968 2839 κε,
984 2760 1052 2826 οὔτέ
1069 2787 1122 2839 τις,
1138 2760 1230 2843 ἄνδρά
1244 2787 1305 2842 μοι,

154 2889 219 2930 non
235 2865 268 2929 in
283 2865 437 2950 spondeis.

200 2970 272 3035 266.
289 2989 318 3052 9.
344 2969 386 3031 In
401 2969 703 3034 annotatione'inter
718 2971 844 3033 ἐνταῦθα
858 2974 891 3033 et
907 2969 955 3032 καὶ
968 2967 1005 3048 δὴ
1020 2966 1139 3032 excidit
1153 2966 1277 3034 lineola.

200 3072 274 3158 283.
293 3073 321 3137 8.
344 3071 508 3162 Ἡσιόνην]
526 3075 650 3153 lordono
664 3073 705 3136 A.

200 3177 273 3242 286.
295 3197 341 3262 13.
366 3179 382 3239 ὁ
398 3178 574 3262 Ζηνόδοτος]
594 3176 801 3241 Scribendum
816 3177 862 3240 ὅτι
879 3177 1050 3256 Ζηνόδοτος.

200 3279 340 3346 286.18.
363 3286 420 3344 τῶν
440 3277 594 3368 δημωδῶν]
616 3280 657 3342 Ι11
671 3281 702 3343 Α
717 3285 765 3344 est
787 3280 804 3344 i
827 3260 913 3360 dauci,
934 3279 1017 3364 quod
1036 3279 1089 3360 τὴν
1102 3281 1219 3359 headda
1240 3277 1308 3363 sig·

155 3384 273 3448 nificat.

202 3488 274 3572 289.
292 3507 342 3566 24.
365 3489 615 3571 προσυνίστατοι]
630 3487 721 3552 Conf.
737 3487 776 3552 ad
791 3510 822 3570 p.
839 3487 912 3571 296,
931 3487 962 3549 6.

202 3612 274 3675 292.
293 3610 342 3677 23.
364 3590 518 3655 Versibus
539 3591 713 3676 493-496
736 3595 886 3675 quattuor
908 3594 1014 3654 διπλαῖ
1034 3588 1272 3672 περιεστιγμέναι
1289 3611 1309 3652 a

156 3718 199 3758 m.
215 3718 262 3778 pr.
277 3694 438 3778 appositae
460 3699 536 3758 sunt
558 3695 593 3757 in
607 3696 649 3773 A,
665 3693 719 3758 sed
739 3716 853 3758 manus
875 3691 1010 3758 secunda
1031 3692 1128 3756 erasit
1149 3692 1307 3770 ultimam,

157 3798 249 3876 male,
265 3802 303 3860 ut
318 3820 356 3861 ex
371 3797 556 3860 scholiastae
570 3796 772 3862 annotatione
786 3802 883 3882 patet.

203 3921 277 3987 293.
293 3914 313 3982 5
329 3905 361 3964 et
378 3901 406 3964 8.
430 3897 554 3988 ἄξεσθε]
571 3898 694 3978 ἄξεσθαι
707 3901 746 3966 A.

204 4024 276 4088 294.
298 4005 461 4069 1110111101.
477 4005 517 4067 ad
532 4005 588 4067 lin.
606 4003 624 4065 8
641 4025 697 4087 pro
713 4005 891 4091 ἔκτεταμένῃ
905 4003 1028 4088 corrige
1040 4003 1266 4091 ἐπεκτεταμένῃ.

205 4124 278 4192 295.
297 4127 346 4172 12.
370 4108 404 4171 τὸ
423 4105 545 4195 ἄξοντο]
564 4107 673 4171 Scribe
687 4109 733 4172 ὅτι
748 4109 782 4172 τὸ
797 4107 913 4188 ἄξοντο.
961 4107 1090 4171 Excidit
1104 4111 1206 4186 διπλῆ.
1283 4134 1286 4139 ’

202 4233 275 4297 303.
295 4233 334 4276 10
349 4234 405 4296 pro
425 4227 553 4296 12,.252
570 4211 669 4276 scribe
688 4231 738 4291 10,
756 4227 828 4295 252.

204 4336 278 4400 310.
304 4316 346 4378 In
360 4321 466 4380 annot.
482 4316 540 4381 col.
558 4337 575 4380 2
591 4315 648 4380 lin.
668 4335 680 4380 1
701 4314 817 4380 excidit
831 4316 998 4380 asteriscus
1012 4320 1086 4380 ante
1102 4315 1266 4397 τεκμήριον.

206 4439 279 4503 311.
297 4435 347 4501 27.
372 4417 548 4509 ξωρότερον]
565 4419 696 4504 Corrige
712 4421 872 4502 ζωρότερον

206 4539 280 4609 317.
299 4541 349 4602 24.
374 4526 427 4607 ἀόρ
444 4525 628 4608 typothetae
641 4546 726 4588 error
740 4546 796 4607 pro
811 4525 916 4606 ἀόραν.

694 4648 711 4691 C
727 4650 744 4691 0
761 4646 779 4694 2
