2954 4936
134 201 199 262 320
534 192 705 262 ἰιιλιος
738 204 774 262 κ.
805 198 891 280 (10)

178 351 252 433 685.
277 351 377 442 δήετε]
394 355 532 433 εὑρήσετε
662 349 790 440 τέκμωρ]
807 351 895 416 τέλος

178 456 252 538 687.
274 455 435 546 ὑπερέσχε]
451 459 645 538 ὑπερασπίζει
777 455 849 540 689.
872 448 1062 540 πεπνυμένω]
1080 451 1222 533 φρόνιμοι

176 561 249 644 695.
274 558 343 648 δήν]
361 562 410 625 ἐπὶ
425 563 503 624 πολύ
641 555 804 647 τετιηότες]
820 558 1002 636 λυπούμενοι

178 679 251 745 700.
275 670 328 728 νὺν
342 666 378 727 αὑ
393 661 452 752 -]
470 663 580 742 αὐθάδη
596 670 648 728 νὺν
663 664 805 741 ἐποίησας
820 660 910 725 αὐτὸν
925 660 1019 724 πλέον
1034 660 1081 723 καὶ
1096 658 1272 738 έφυσίωσας

178 781 250 848 705.
275 765 498 856 τεταρπόμενοι]
516 768 705 849 κορεσθέντες
1303 775 1320 836 5

177 886 249 952 714.
273 873 364 935 ὑπνου
379 868 487 959 δῶρον]
505 875 749 951 περιφραστικῶς,
764 868 816 932 τὸν
830 871 932 944 ὑπνον,
949 867 1003 946 τὴν
1018 866 1189 930 ἀνάπαυσιν

620 1062 656 1120 K.
702 1057 799 1140 (10)

179 1198 207 1242 1.
234 1174 432 1265 Παναχαιῶν]
449 1177 571 1240 πάντων
585 1183 645 1241 τῶν
658 1175 816 1254 Ἑλλήνων

178 1300 207 1347 2.
229 1277 370 1368 μαλακῷ]
386 1282 452 1360 ἡδεῖ
579 1277 767 1368 δεδμημένοι]
786 1280 974 1360 κατεχόμενοι

176 1406 207 1462 4.
232 1382 423 1473 ὁρμαίνοντα]
439 1386 657 1464 βουλευόμενον

178 1503 206 1568 7.
230 1483 390 1574 ἐπάλυνεν]
407 1488 562 1552 ἐλεύκανεν

178 1590 207 1653 8.
230 1587 315 1678 ποθι]
333 1589 368 1668 δή
498 1587 704 1678 πευκεδανοῖο]
722 1594 836 1670 πικροῦ,
852 1589 989 1670 ὀλεθρίου

177 1713 207 1778 9.
232 1690 344 1781 πυκίν’]
360 1699 474 1760 πυκνῶς
476 1700 633 1776 ,συνεχῶς

178 1816 228 1860 10.
252 1794 410 1884 νειόθεν]’
396 1823 429 1859 εκ
444 1796 564 1876 βάθους,
582 1797 713 1860 κάτωθεν

179 1921 229 1986 13.
253 1897 378 1988 ὅμαδον]
395 1901 446 1964 λεί
443 1925 491 1964 πει
505 1898 539 1962 τὸ
555 1900 670 1964 ἀκούων
794 1910 843 1978 15.
866 1893 1102 1985 προθελύμνους]
1118 1899 1330 1981 προρρίζουςι5

178 2004 228 2066 16.
251 2001 371 2085 ὑψόθέ
373 2004 434 2067 όντι
451 1998 523 2089 Διί]
540 2003 590 2065 λεί
589 2027 636 2066 πει
577 2001 685 2065 ίτὸ
702 2002 916 2082 ἀποδυρόμενος

178 2126 228 2190 19.
249 2104 350 2194 μῆτιν]
369 2106 544 2184 συμβουλήν

176 2229 228 2295 23.
253 2207 410 2298 δαφοινόν]
429 2209 571 2290 φοβερὸν,
588 2206 861 2287 καταπληκτικὸν,ἢ
876 2206 910 2270 τὸ
926 2209 958 2270 ἐκ
974 2210 1119 2288 δαφοινού
1134 2207 1183 2270 καὶ
1199 2231 1287 2270 κατα-

132 2318 299 2392 πληπτικοὺ
313 2314 437 2380 λέοντος

176 2432 228 2498 27.
251 2418 297 2480 τοὶ
312 2417 347 2495 δὴ
362 2418 427 2480 έθεν
443 2413 555 2504 εἵνεκα]
575 2417 681 2482 οἵτινες
697 2415 782 2479 ἕνεκα
796 2416 886 2479 αὐτοῦ
901 2414 996 2494 ἦλθον
1299 2440 1331 2480 ιο

175 2520 289 2585 πουλὺν
304 2518 350 2600 ἐφ’
366 2517 474 2607 ὑγρήν]
491 2521 540 2583 ἐπὶ
555 2517 671 2598 πολλὴν
686 2517 845 2581 θάλασσαν

175 2643 228 2710 30.
252 2624 300 2688 ἐπὶ
316 2623 468 2704 στεφάνην
481 2619 540 2710 -]
557 2621 630 2703 πρὸς
645 2621 696 2685 τὸν
711 2621 811 2704 αὐχέν’
826 2619 883 2685 ὑπὸ
899 2621 1050 2701 στεφάνην

176 2748 228 2812 31.
251 2724 376 2814 παχείῃ]
394 2726 502 2809 ἰσχυρᾷ
633 2736 685 2810 35.
709 2720 873 2812 ἀσπάσιος]
889 2725 959 2803 ἡδύς

174 2851 227 2910 41.
251 2827 351 2917 ἔσται]
369 2832 413 2908 εἴη
542 2847 596 2913 43.
619 2829 698 2910 χρεὼ
713 2826 841 2916 βουλῆς]
858 2830 944 2910 χρεία
960 2833 1135 2908 συμβουλῆς

174 2953 228 3013 44.
252 2929 424 3021 κερδαλέης]
442 2934 617 3012 ἐπωφελοΰς
746 2930 800 3009 48.
823 2929 956 3020 μέρμερ’]
973 2934 1114 3016 μερίμνης
1128 2933 1196 3012 άξια
1298 2952 1329 3012 ²5

174 3049 227 3117 51.
251 3034 345 3123 φημί]
362 3039 476 3099 ὑπονοῶ
607 3046 660 3115 52.
682 3032 813 3123 μήσατο]
832 3035 992 3117 εἰργάσατο

174 3152 227 3220 55.
250 3142 283 3203 αί
296 3166 328 3203 κε
343 3137 475 3227 πίθηται]
493 3141 543 3203 έάν
559 3141 688 3218 δύνηται·
720 3139 813 3220 γέρων
827 3141 885 3220 γάρ
900 3138 937 3218 ήν

174 3242 227 3322 56.
251 3239 350 3329 τέλος]
368 3241 402 3304 τὸ
417 3243 515 3322 τάγμα
645 3241 698 3322 65.
722 3239 942 3330 ἀβροτάξομεν]
960 3243 1156 3324 ἀποτύχωμεν

64 3376 67 3381 <
175 3344 227 3426 67.
250 3341 269 3431 ᾗ
286 3370 336 3408 κεν
350 3341 454 3432 ἴῃσθα]
473 3344 543 3408 ἔνθα
558 3344 596 3408 ἀν
610 3349 754 3431 πορευθῇς
770 3345 816 3408 καὶ
831 3345 1025 3428 ἐγρηγορέναι
1041 3346 1160 3410 κέλευε

174 3449 226 3532 69.
249 3447 323 3528 μηδὲ
336 3449 495 3531 μεγαλίζεο
511 3445 606 3536 θυμῷ]
623 3451 696 3527 μηδὲ
712 3450 832 3529 ἐπαίρον
847 3472 882 3527 τη
899 3451 1015 3533 διανοίη
1029 3446 1065 3513 δι’
1081 3451 1285 3532 ὑπερηφανίαν
1296 3481 1330 3539 30

176 3568 227 3633 71.
250 3552 297 3616 ἐπὶ
307 3552 523 3633 γεινομένοισιν
539 3549 591 3639 ίει]
609 3557 670 3618 τοῖς
683 3552 727 3615 ἀεὶ
739 3551 953 3631 ἀναφυομένοις
963 3551 1138 3634 πράγμασιν
1150 3552 1284 3635 ἔπεμψεν

175 3669 226 3738 79.
250 3655 395 3736 ἐπέτραπε
409 3653 497 3736 γήραϊ
511 3653 626 3742 λυγρῷ]
648 3654 801 3719 τουτέστιν
820 3654 888 3718 οὐδὲ
902 3654 959 3719 ὑπὸ
973 3660 1026 3719 τοὺ
1043 3654 1141 3738 γήρως
1156 3658 1282 3734 ἐνικᾶτο,

130 3758 181 3822 οὐκ
198 3760 294 3822 ἐδίδου
311 3759 452 3840 (ἐνεδίδου
469 3756 619 3842 Οολιςύιις)

106 3852 109 3857 ’
174 3861 224 3946 83.
248 3858 409 3948 ὀρφναίην]
428 3861 582 3940 σκοτεινήν
713 3861 764 3944 84.
788 3860 915 3951 οὐρήων]
932 3862 1076 3943 φυλάκων

175 3964 226 4047 89.
251 3965 343 4027 εἰσόκ’
359 3961 468 4051 ἀϋτμή]
487 3965 541 4031 ἕως
557 3965 590 4028 οὑ
605 3965 623 4044 ἡ
639 3964 771 4044 ἀναπνοή
1296 3992 1329 4054 35

174 4087 225 4151 93.
249 4065 315 4147 πέρι
330 4064 438 4154 δείδια]
457 4067 640 4131 0011668111]
656 4069 722 4149 περὶ
732 4071 834 4147 δείδια,
846 4068 1055 4153 superscripto
1071 4074 1162 4153 διχῶς
1177 4063 1221 4153 (δκ
1235 4070 1278 4155 Α)

174 4190 226 4253 94.
250 4166 469 4258 ἀλαλύκτημαι]
487 4172 519 4234 ἐν
534 4171 592 4250 άλη
607 4171 655 4235 καὶ
669 4171 769 4258 πλάνῃ
785 4173 851 4252 εἰμὶ,
868 4173 1013 4254 ἀδημονῶ,
1029 4173 1234 4256 ἐκπέπληγμαι

175 4273 226 4356 96.
251 4268 392 4359 δραίνεις]
409 4274 545 4350 ἐπινοεῖς,
561 4278 666 4355 δρᾶσαι
681 4275 805 4339 δύνασαι

77 4420 79 4424 .
175 4374 227 4458 98.
252 4373 369 4459 καμάτῳ
385 4375 536 4466 ἀδηκότες]
553 4376 611 4442 ὑπὸ
627 4380 718 4442 κόπου
734 4379 828 4458 ἀηδῶς
844 4381 1027 4459 διακείμενοι,
1043 4380 1223 4461 ὀκνήσαντες

174 4496 226 4559 99.
251 4476 298 4539 ἐπὶ
313 4474 429 4565 πάγχυ]
446 4486 596 4547 παντελῶς
614 4557 617 4564 ¹
1294 4515 1329 4568 40
