2954 4936
517 223 687 283 ικιΑΔοΣ
718 223 761 282 ιι.
792 221 876 302 (12)
1259 221 1324 283 αις

158 382 208 449 27.
233 369 394 435 Λαπιθάων
409 371 581 454 αἰχμητάων

158 491 210 556 3ο.
233 475 304 540 αύας
318 477 396 553 βόας

65 591 145 650 421.
179 594 211 654 4.
235 578 263 640 οἱ
278 575 304 640 δ’
321 579 383 645 ἰθὺς
399 578 471 660 πρὸς
486 585 585 662 τεῖχος

179 679 211 743 6.
229 678 339 745 Ἀσιον
368 682 445 764 ἀμφὶ
482 682 593 746 ἄνακτα
624 683 672 747 καὶ

264 782 400 864 Ἰαμενὸν
414 786 461 848 καί
475 784 623 866 Ὀρέστην

160 904 210 952 12.
232 892 337 968 Τρῶας
352 889 425 971 άτδρ
444 894 570 952 Δαναῶν

161 1002 211 1070 15.
235 992 314 1054 ἐκδὲ
333 995 373 1055 τὼ
389 991 510 1071 ἀίξαντε

160 1113 210 1174 19.
234 1096 334 1177 δοχμώ
349 1093 373 1158 τ’
391 1094 532 1160 ἀΐσσοντε

159 1197 211 1262 26.
235 1205 356 1262 λαοῖσιν
372 1199 532 1280 καθύπερθε

159 1319 212 1385 30.
236 1300 272 1366 άς
286 1300 314 1363 τ’
331 1302 438 1381 άνεμος
455 1301 523 1381 ζαής

69 1422 146 1482 422.
181 1423 212 1483 4.
236 1405 274 1471 ὡς
299 1411 356 1469 τῶν
382 1408 414 1470 ἐκ
445 1411 553 1487 χειρῶν
577 1403 672 1484 βέλεα

265 1507 332 1589 ῥέον

161 1624 211 1694 15.
234 1611 336 1695 πάγχυ
349 1611 430 1693 μάλ’,
447 1613 553 1695 οὐγὰρ
569 1610 657 1694 ἔγωγ’

160 1730 212 1800 23.
236 1715 342 1796 ἄνδρας
364 1720 546 1798 θηρητῆραςτ
568 1715 603 1779 τὸ
621 1719 672 1794 θη-

265 1823 390 1900 ρητῆρας
405 1823 464 1882 eet.

160 1939 211 2000 24.
234 1921 324 1986 άλλοι
340 1925 364 1986 δ’
381 1921 456 2003 ἀμφ’
473 1923 584 2001 άλλησι

69 2045 145 2111 423.
181 2046 211 2110 3.
235 2025 329 2104 πάντη
344 2028 400 2107 γὰρ
415 2026 481 2107 περὶ
495 2031 593 2108 τεῖχος

182 2129 212 2193 8.
234 2127 366 2210 Ἀργεῖοι
381 2133 412 2192 δὲ
428 2130 476 2192 καὶ
492 2129 653 2212 ἀχνύμενοί

267 2259 322 2312 περ
338 2231 450 2318 ἀνάγκη

162 2356 211 2422 13.
236 2334 421 2418 ἐπιτάρροθοι

163 2455 212 2522 15.
237 2438 371 2520 Ἰαμενὸν
387 2439 435 2503 καὶ
450 2439 596 2521 Ὀρέστην

160 2562 212 2610 2ο.
236 2544 302 2626 ὄφρ’
326 2544 354 2607 οἱ
376 2544 443 2610 τοὺς
466 2543 599 2624 ἐνάριζον
622 2542 672 2608 ἀπ’

265 2647 349 2712 έντεα
366 2649 567 2728 μαρμαίροντα

162 2769 212 2836 23.
235 2750 380 2832 ὑψιπέτης

71 2874 148 2934 424.
163 2874 213 2919 10.
236 2855 331 2920 αἰετὸς
345 2853 493 2936 ὑψιπέτης

162 2977 211 3021 11.
236 2959 313 3038 κόψε
328 2960 384 3039 γὰρ
399 2956 489 3021 αὐτὸν
500 2957 608 3040 έχοντα

161 3079 212 3126 2ο.
232 3058 342 3142 Ἕκτορ
370 3061 417 3125 όεὶ
445 3060 500 3140 μέν
529 3086 591 3127 πως
622 3085 673 3139 μοι

269 3164 466 3242 ἐπιπλήσσεις

161 3287 213 3353 30.
237 3271 328 3346 δῆμον
343 3269 432 3331 έόντα

810 393 862 440 21.
872 352 985 452 ’δηΐους
999 374 1086 455 προτὶ
1101 375 1176 438 άστυ
1192 375 1310 437 δίεσθαι

722 491 797 558 427.
835 497 862 542 1.
886 479 1011 560 νιφέμεν
1029 478 1210 558 θνθρόποισι

813 601 862 666 13.
886 583 999 644 είλῢται

811 701 863 750 22.
887 687 918 748 αί
931 687 987 763 μὲν
1002 683 1047 766 ἄρ’
1063 686 1094 751 ές
1108 690 1215 766 Τρῶας

810 800 862 868 27.
887 788 1019 854 ἀντίθεος
1035 790 1212 868 Σαρπηδόνα

723 887 865 973 428.15.
888 892 1028 974 χρυσείῃς
1056 891 1198 972 ῥάβδοισι
1232 895 1326 970 διηνε-

920 993 1008 1058 κέσιν
1027 994 1094 1075 περὶ
1110 996 1219 1058 κύκλον

811 1116 865 1164 2ο.
888 1098 942 1177 τὴν
959 1096 1003 1179 ἄρ’
1021 1100 1073 1181 όγε
1088 1099 1202 1179 πρόσθε
1218 1098 1328 1181 σχόμε-

919 1227 969 1267 νος
1300 1191 1302 1196 ’

812 1322 865 1371 21.
887 1303 992 1385 μήλων
1006 1304 1187 1386 πειρήσοντα

795 1404 865 1474 ’28.
889 1407 945 1473 σιίν
990 1408 1057 1473 κυσὶ
1101 1408 1148 1471 καὶ
1187 1408 1327 1489 δούρεσσι

918 1509 1135 1593 φυλάσσοντας
1149 1510 1215 1592 περὶ
1228 1515 1310 1590 μῆλα

811 1633 864 1698 32.
887 1616 972 1694 ίομεν
986 1613 1023 1693 ἠέ
1036 1639 1077 1698 τιρ

810 1717 862 1801 36.
886 1718 1038 1799 πάπτηνεν
1074 1716 1098 1781 δ’
1129 1719 1186 1782 άνδ
1214 1718 1328 1800 πύργον
1357 1794 1360 1798 .

919 1819 1052 1904 Ἀχαιῶν

723 1941 798 2005 429.
834 1944 864 2009 3.
888 1925 919 1989 ἐς
934 1923 958 1988 δ’
976 1922 1074 2003 ένόησ’
1091 1927 1200 1990 Αἴαντε
1215 1925 1274 1988 δύω

814 2040 863 2108 15.
889 2029 937 2091 καὶ
970 2027 1095 2092 πυλέων·
1137 2032 1232 2092 πᾶσαι
1269 2030 1326 2110 γάρ

918 2127 1055 2216 ε’πιήχατο

811 2251 862 2298 2ο.
886 2233 965 2314 αἶψα
980 2231 1005 2295 δ’
1022 2231 1069 2296 ἐπ’
1086 2235 1197 2296 Αἴαντα
1212 2233 1307 2314 προίει

811 2354 863 2421 23·
886 2335 973 2419 έρχεο
989 2341 1032 2400 δῖε
1049 2340 1158 2400 Θοῶτα

723 2458 796 2524 430.
835 2458 862 2503 1.
888 2441 939 2502 καί
996 2442 1024 2503 οἱ
1076 2444 1205 2521 Τεῦκρος
1273 2439 1325 2521 ἅμ’

920 2543 1037 2607 ἑπέσθω

811 2665 861 2712 2ο.
885 2647 1001 2728 τείχους
1017 2644 1099 2712 έντὸς
1116 2647 1210 2712 ίόντες

722 2770 798 2836 431.
835 2749 865 2813 6.
892 2752 926 2835 ἰῷ
943 2750 1148 2828 ἐπεσσύμενον

833 2871 863 2935 9.
888 2849 953 2934 ήῤ’
972 2853 1016 2916 ίδε
1038 2851 1228 2934 γυμνωθέντα
1249 2859 1325 2934 βρα·

918 2956 1007 3038 χίονα

813 3076 863 3123 11.
886 3058 1039 3138 βλήμενον
1054 3055 1195 3138 ἀθρήσειε

812 3175 863 3246 25.
888 3158 999 3245 χάζετ’,
1018 3162 1086 3225 έπεί
1101 3161 1130 3223 οἱ
1148 3161 1236 3241 θυμὸς
1259 3161 1291 3226 έέ
1311 3200 1324 3211 -

919 3289 991 3329 πΕΤΟ

72 3383 148 3456 425.
182 3390 214 3450 4.
238 3370 294 3434 ὧδέ
303 3369 334 3454 χ’
350 3372 535 3452 ὑποκρίναιτο
551 3371 672 3449 θεοπρό-
724 3387 799 3453 432.
835 3387 865 3452 3.
888 3368 1002 3449 τείχεος
1018 3365 1160 3430 ἔντοσθεν

268 3498 340 3539 ποςε
365 3475 454 3552 εἰδείη
470 3472 582 3555 τεράων

164 3597 214 3641 11.
237 3575 288 3641 τὸν
303 3576 327 3640 δ’
347 3575 391 3658 ἄρ’
410 3579 524 3659 ὑπόδρα
540 3578 609 3641 ίδόν

161 3699 212 3759 24.
236 3677 332 3762 ῶρσεν
347 3679 372 3744 κ’
388 3678 439 3744 ὁπ’
454 3678 571 3744 Ἰδαίων
582 3680 674 3762 ὀρέων

273 3783 346 3864 (sic)

162 3888 213 3954 26,
235 3887 297 3969 ήῤ’
317 3888 377 3952 ἰθὺς
395 3891 472 3966 νηῶν
488 3887 588 3964 κονίην

161 3991 213 4058 28.
237 3993 367 4071 κρόσσας
382 3993 438 4070 μὲν
453 3991 573 4072 πύργων
588 3989 673 4072 έρνον

161 4115 212 4180 31.
237 4098 367 4176 κρόσσας
381 4093 435 4175 μέν

160 4200 212 4283 36.
237 4198 348 4277 στήλας
363 4223 396 4262 τε
411 4200 584 4278 προβλῆτας

73 4303 149 4382 426.
184 4316 214 4383 7.
237 4304 333 4367 άλλον
346 4302 506 4384 μειλιχίοις

165 4425 214 4485 14.
238 4407 271 4472 ὅς
285 4431 317 4470 τε
332 4406 510 4489 χερειότερος
557 4454 560 4459 -

163 4529 214 4576 20.
238 4516 332 4577 νεῖκος
347 4507 563 4587 άπωσαμένους

833 3484 863 3550 7.
888 3469 1015 3534 ἀσπίδας
1031 3467 1190 3535 εύκύκλονς

814 3592 863 3636 10.
887 3571 962 3651 ήμὲν
976 3572 1032 3656 ὅτιρ
1049 3571 1224 3652 στρεφθέντι

813 3696 863 3762 13.
886 3673 981 3752 πάντη
997 3674 1032 3753 δὴ
1048 3675 1157 3755 πύργοι

813 3797 864 3845 22.
887 3779 907 3857 ἥ
928 3803 960 3842 τε
983 3775 1117 3856 σταθμὸν
1139 3777 1251 3860 ἔχουσα
1276 3779 1323 3842 καί

918 3885 1008 3963 εἴριον

813 4000 864 4068 25.
889 3981 1030 4061 ίσάζονσ’,
1047 3983 1097 4046 ἵνα
1111 3982 1214 4046 παισίν

813 4086 864 4154 28.
887 4088 980 4167 ἤϋσεν
995 4084 1027 4150 δὲ
1042 4085 1215 4166 διαπρύσιον

812 4210 864 4276 3ο.
888 4191 927 4256 ῶς
943 4187 1011 4271 φάτ’
1027 4188 1194 4268 ἐποτρύνων

724 4313 799 4381 433·
836 4313 864 4358 1.
888 4290 1043 4374 κροσσάων
1059 4289 1324 4375 έπέβαινονάκαχ-

917 4394 991 4476 μένα
1006 4392 1122 4478 δούρατ’
1137 4393 1256 4479 ἔχοντες

833 4521 864 4582 4.
888 4499 1018 4581 εἱστήκει
1034 4502 1145 4581 πρόσθε
