2954 4936
521 209 691 270 νκικλου
721 211 761 271 Ν.
790 208 878 290 (13)
1227 205 1270 270 ’15

119 366 271 463 κέχρηται
287 362 481 460 Ἐπίχαρμος
506 360 558 436 καί
583 371 625 463 τῷ
651 364 835 464 ε’νεργητικῷ·
873 374 893 406 “
905 361 979 435 αίκα
1000 362 1035 434 τύ
1053 364 1162 450 βλείης
1181 374 1274 455 σφεν-

120 481 223 580 δύνρ.”
255 481 292 563 ῶς
315 479 362 554 οθν
379 481 496 576 θέμενος
517 488 585 566 θεῒο,
604 477 678 554 ούτυ
696 481 845 574 βλέμενος
868 489 967 567 βλεῖο·
1005 479 1038 552 τδ
1056 480 1087 552 δέ
1104 477 1216 569 βλειής
1233 486 1273 578 τῇ

119 599 216 685 βλείς
232 600 422 693 παράκειται.
522 616 527 623 ’

175 714 249 788 *άτι
268 715 429 786 διέσταλκε
447 711 481 786 τῶ
498 722 608 800 βαλεῖν
625 711 676 785 καί
693 714 797 800 τύψαι.

176 841 249 925 289.
276 828 391 914 *ούτυς
403 827 621 929 Ἀρίσταρχος,
645 830 711 904 ούκ
735 832 787 921 ἀν,
812 830 861 903 διδ
878 838 931 903 τού
952 836 983 900 ἃ·
1012 829 1048 902 αθ
1066 829 1096 902 δὲ
1117 827 1209 901 κοιναὶ
1235 827 1274 902 ού
1287 846 1305 908 5

121 981 195 1025 κεν.

176 1073 249 1156 298.
277 1060 478 1159 *circipanis
494 1073 548 1152 τῆς
565 1067 647 1159 μετά
664 1063 835 1162 προθέσεως,
857 1064 1015 1156 μέτεισι.

176 1210 249 1275 299.
275 1180 320 1253 ύτι
354 1185 452 1280 ῥητῶς
472 1164 594 1276 Ἀρευς
620 1179 681 1262 υίδς
710 1180 824 1267 Φύβος.
859 1185 878 1271 ἦ
904 1180 936 1253 δέ
963 1180 1100 1275 ἀναφορά
1124 1177 1195 1275 πρδς
1221 1181 1274 1268 την

121 1297 319 1388 ἀμφιβολίαν
341 1306 394 1370 τού
420 1306 442 1340 “
454 1294 508 1369 καί
527 1296 558 1395 ῥ’
577 1292 684 1378 ἵππους
707 1296 813 1370 κέλετο
830 1296 944 1392 Δεῖμάν
960 1329 995 1370 τε
1012 1295 1114 1382 Φάβον
1131 1329 1165 1369 τε
1175 1303 1198 1336 ”
1217 1302 1272 1389 (Π.

125 1438 176 1506 15,
199 1420 285 1507 119>-
1289 1434 1327 1476 10

174 1558 249 1623 301.
274 1530 321 1603 ύτι
342 1529 431 1610 πύλις
449 1527 531 1603 έστίν
547 1529 597 1602 ε’πύ
615 1531 814 1628 Θεσπρωτίας
832 1526 1001 1628 ἡἜφυρα,
1019 1527 1076 1622 ἀφ’
1094 1526 1128 1618 ἧς
1141 1524 1273 1624 Ἔφυροι

121 1648 153 1719 οἷ
167 1655 371 1728 κατοικοῦντες
395 1648 545 1743 λέγονται.
580 1647 665 1742 λέγει
690 1647 722 1719 δέ
743 1679 815 1719 ποτε
836 1644 887 1719 καὶ
904 1647 958 1736 την
976 1643 1272 1744 ΚύρινθονἘφυραυ,

123 1765 157 1849 ἓξ
183 1769 303 1860 ἧρυϊκού
329 1763 493 1861 προσύπου.
529 1765 626 1836 ἰστέον
653 1764 685 1836 δὲ
715 1761 760 1837 ύτι
781 1761 917 1861 Ἔφυραι
942 1764 1092 1861 τέσσαρές
1117 1762 1188 1850 εἶσι,
1214 1761 1274 1857 μία

122 1882 179 1975 μέν
204 1885 224 1970 ἡ
246 1881 327 1952 κατδι
344 1880 534 1968 Θεσσαλίαν,
553 1881 675 1978 δευτέρα
701 1881 732 1954 δὲ
752 1884 771 1971 ἡ
788 1881 868 1952 κατά
893 1876 1112 1977 τηνἭπειρον,
1130 1877 1216 1975 τρίτη
1242 1880 1274 1951 δὲ

122 2001 143 2087 ἡ
169 2006 226 2084 τῆς
246 1994 386 2081 Ἤλιδος,
413 1995 468 2068 καὶ
489 2001 622 2090 τετάρτη
648 2001 667 2087 ἡ
699 2006 745 2070 νῦν
772 1999 940 2090 καλουμένη
969 1995 1114 2094 Κύρινθος.
1154 2004 1200 2067 νῶν
1226 1991 1273 2068 otc
1290 2014 1325 2074 ¹5

124 2115 211 2209 λέγει
232 2113 302 2195 τούς
322 2113 522 2205 καλουμένους
540 2114 734 2211 Κραννυνιόυς
756 2115 785 2187 ἐν
802 2113 977 2211 Θεσσαλίην,
995 2114 1032 2195 ύς
1048 2112 1273 2209 Ἀπολλύδυρος

123 2231 247 2325 ἱστορεῖ.

174 2347 314 2443 Φλεγύαι
346 2347 492 2444 Γύρτυναν
522 2358 727 2430 κατοικοῦντες
753 2348 1001 2446 παρανομώτατον
1032 2345 1083 2420 καὶ
1113 2344 1274 2445 ληστρικδν

123 2463 224 2558 διῆγον
249 2464 326 2550 βίον,
353 2461 403 2536 καί
431 2465 669 2562 κατατρέχοντες
691 2464 761 2547 τούς
790 2462 953 2561 περιοίκους
979 2472 1122 2560 χαλεπῶς
1149 2459 1272 2552 ἠδίκουν·

123 2588 260 2668 Θηβαῖοι
282 2582 313 2654 δέ
335 2580 538 2679 πλησιθχυροι
562 2581 642 2664 ῶντες
659 2581 842 2656 ἐδεδοίκεσαν
860 2580 911 2654 καί
933 2581 1025 2676 μέχρι
1043 2587 1166 2665 πολλυῶ,
1185 2579 1213 2650 ει’
1227 2580 1272 2674 μὴ
1288 2602 1326 2643 20

122 2696 264 2789 Ἀμφίαν
289 2695 340 2769 καί
363 2705 458 2786 Ζῆθος
484 2701 513 2771 οἱ
527 2697 602 2781 Διδς
628 2695 680 2772 καί
704 2696 864 2788 Ἀντιύπης
891 2699 1045 2794 ε’τείχισαν
1067 2698 1128 2778 «τάς
1148 2697 1270 2785 Θήβας·

123 2809 193 2911 εἶχε
209 2815 270 2912 γάρ
286 2814 427 2908 Ἀμφίων
444 2814 535 2911 λύραν
551 2815 634 2914 παρδι
650 2824 781 2888 Μουσῶν
796 2816 876 2916 αύτῷ
897 2814 1058 2909 δεδομένην,
1076 2812 1111 2886 δι’
1130 2810 1166 2902 ἧς
1183 2811 1273 2884 κατέ-

124 2939 216 3025 θελγε
242 2927 292 3002 καί
318 2930 387 3013 τούς
409 2931 517 3017 λίθους,
536 2928 615 3005 ῶστε
639 2928 690 3004 καί
714 2931 786 3028 πρδς
808 2936 862 3022 την
878 2927 1070 3027 τειχοδομίαν
1086 2930 1275 3023 αὐτομάτους

125 3047 317 3145 ἐπέρχεσθαι.
346 3046 454 3120 τούτων
470 3049 525 3143 μὲν
542 3045 588 3120 oin
606 3046 714 3138 ζύντυν
730 3049 810 3122 ούδέν
827 3049 856 3122 οί
872 3049 1012 3145 Φλεγύαι
1030 3047 1098 3127 τούς
1116 3042 1275 3134 Θηβαίους

124 3164 264 3254 ἠδύναντο
293 3164 443 3236 διαθεῖναι·
484 3163 621 3238 θανύντυν
646 3166 677 3239 δὲ
703 3167 797 3238 αύτῶν
824 3163 994 3244 έπελθάντες
1020 3164 1074 3235 σύν
1100 3163 1275 3260 Εύρυμάχρν
1290 3181 1327 3242 25

125 3288 167 3379 τῷ
193 3287 328 3364 βασιλεῖ
348 3280 405 3363 τάς
431 3282 545 3370 Θήβας
571 3279 656 3357 εἷλον.
700 3281 823 3356 πλείονα
849 3283 880 3355 δέ
906 3290 1075 3374 τολμῶντες
1100 3279 1276 3373 ἀδικήματα

125 3398 208 3470 κατδι
233 3395 308 3479 Διθς
333 3398 501 3494 προαίρεσιν
527 3398 581 3472 ύπδ
606 3399 794 3482 Ἀπύλλυνος
825 3400 1028 3494 διεφθάρησαν
1053 3394 1131 3469 ούτοι
1160 3396 1191 3469 δέ
1218 3395 1277 3468 ε’νέ-

126 3542 244 3605 πρησαν
268 3507 319 3583 καὶ
345 3510 393 3584 τδν
412 3511 439 3585 έν
456 3521 594 3605 Δελφοῖς
615 3511 679 3586 ναδυ
704 3522 756 3585 ποῶ
773 3511 972 3590 Ἀπύλλυνος.
1007 3515 1026 3601 ἡ
1053 3509 1172 3606 ἱστορία
1194 3508 1276 3605 παρὰ

125 3625 296 3724 Φερεκνῶει.

177 3754 252 3834 306.
279 3742 353 3817 *θ’τι
370 3743 514 3839 περισσῶς
532 3750 547 3820 θ
567 3746 633 3819 καί
650 3746 824 3838 σύνδεσμος.
1241 3731 1252 3752 '
1290 3780 1329 3837 30

126 3987 345 4065 Epicharmum
359 3994 389 4047 ct
408 3988 595 4066 participium
608 3992 682 4057 βλεῖο
722 3989 819 4066 phium
845 3987 1036 4048 recentiorem
1060 3985 1204 4062 scriptura
1231 3987 1275 4044 est

126 4069 253 4128 muitum
280 4088 382 4128 vereor
416 4090 453 4129 ne
487 4071 526 4129 sit
554 4070 682 4128 eiusdem
721 4072 824 4142 βλῄμην
870 4075 940 4142 βλῇο
983 4073 1075 4140 βλῇτο.
1132 4065 1275 4126 OOBET.

103 4203 106 4209 .
126 4150 236 4209 farinae
250 4155 337 4227 atque
351 4154 481 4223 βλέμευοε.
505 4151 588 4210 Nihil
602 4151 682 4211 uliud
722 4150 830 4212 Muem.
846 4170 938 4210 novae
952 4150 1007 4210 vol.
1027 4169 1040 4207 1
1057 4169 1085 4226 p.
1102 4152 1149 4225 38.

125 4252 163 4291 ex
191 4252 226 4290 ec
252 4231 441 4291 annotatione
465 4233 601 4292 discimus
624 4233 681 4292 nisi
734 4304 736 4309 Ι
766 4252 811 4309 19.
834 4231 898 4290 *καὶ
913 4228 1121 4313 κατατρέχοντες]
1141 4235 1181 4289 καὶ
1196 4250 1253 4290 om.

124 4324 229 4388 ¹Bnltlo
251 4332 313 4372 csse
333 4313 482 4391 vulgatam
507 4313 681 4391 scripturam
766 4334 812 4386 24.
837 4312 907 4386 *μὲν
919 4309 977 4394 οὖν]
993 4314 1037 4372 οὖν
1050 4316 1097 4385 μὲν

128 4401 158 4453 et
171 4394 259 4472 vulgo
280 4395 342 4455 sinc
363 4395 523 4472 suspicione
543 4395 585 4454 ita
604 4395 681 4472 legi:
765 4391 875 4476 *οὐδὲυ]
892 4398 949 4453 οὐδὲ

127 4481 207 4536 recta
233 4496 303 4538 vero
338 4477 496 4538 secundum
532 4477 683 4556 orthogra-
