2954 4936
527 233 697 292 ιΛιΑΔοΣ
728 233 769 292 ο.
800 229 885 312 (24)

166 393 214 461 15.
239 382 277 446 ῶς
293 381 388 462 ἔφατ’,
404 382 478 464 ῶρτσ
494 385 525 446 δὲ
537 378 612 464 Ἶρις

166 485 215 547 16.
240 487 310 548 ἀλλ’
327 489 355 550 εἰ
367 513 410 554 τις
427 488 563 552 καλέσειε

162 607 214 652 21.
239 591 269 655 ές
282 591 402 669 βυσσὸν
418 594 543 671 ὄρουσεν
585 621 587 624 ⁴

162 703 215 771 25.
238 693 258 770 ἥ
283 719 315 756 τε
338 694 400 756 κατ’
423 696 584 775 ἀγραύλοιο
607 692 681 773 βοάς

272 796 358 876 κέρας

152 913 214 979 32.
239 897 414 986 ὠμηστῇσιν
430 898 476 963 ἐπ’
493 901 593 982 ἰχθύσι

71 1013 150 1082 279.
186 1018 217 1082 3.
242 999 315 1064 εἵαθ’
333 1003 490 1083 ὁμηγερέες

184 1103 214 1167 6.
239 1105 380 1184 φθίσεσθ’
397 1108 430 1170 έν
447 1109 539 1192 Τροίῃ

185 1225 215 1289 9.
239 1212 291 1270 τοῦ
329 1207 356 1272 δ’
393 1210 455 1272 οὔτι
499 1209 681 1290 μελάντερον

274 1312 383 1374 ἔπλετο
400 1313 488 1378 ἔσθος

165 1412 214 1474 16.
238 1412 328 1491 ἀκτὴν
343 1414 367 1476 δ’
388 1417 577 1494 εἰσαναβᾶσα

165 1535 214 1598 19.
237 1515 296 1594 ἡδ’
314 1519 371 1599 ἀρα
386 1523 446 1598 πὰρ
463 1521 514 1583 Διὶ

163 1637 215 1702 23.
238 1619 345 1697 ἤλυθες
361 1623 524 1701 Οὔλυμπον
539 1624 572 1687 δέ

163 1734 215 1802 25.
234 1719 377 1805 Ἕκτορος
393 1723 469 1807 ἀμφὶ
485 1725 564 1790 νέκυι

165 1839 214 1905 27.
239 1826 353 1907 κλέψαι
368 1828 394 1891 δ’
411 1830 586 1909 ὀτρύνεσκον

74 1928 150 1992 280.
187 1942 216 2009 7.
239 1929 281 2008 βῆ
297 1931 329 1992 δὲ
346 1929 408 1993 κατ’
421 1932 595 2012 Οὐλύμποιο

167 2049 215 2094 10.
240 2033 409 2111 ἐσσυμένως
425 2034 564 2099 ἐπένοντο

165 2154 215 2212 14.
240 2135 308 2213 σῆν,
325 2138 358 2200 έν
374 2140 407 2200 δὲ
422 2139 543 2219 κραδίην

166 2240 215 2300 16.
239 2237 301 2300 οὔτ’
318 2239 403 2317 εὐνῆς
418 2240 531 2322 ἀγαθὸν
546 2241 579 2304 δέ

164 2359 214 2424 23.
239 2343 402 2418 σκύζεσθαί
415 2369 465 2406 σοι
480 2344 555 2424 φησί
570 2346 653 2411 θεούς

75 2442 151 2507 281.
190 2462 218 2506 1.
242 2445 385 2525 ἄγγειλον
401 2445 525 2533 Πριάμῳ

185 2559 216 2626 5.
241 2547 345 2627 νεκρὸν
359 2549 427 2630 ἀγοι
441 2551 526 2630 προτὶ
545 2552 620 2614 ἄστυ

166 2669 215 2713 11.
236 2651 361 2718 έντυπάς
376 2654 408 2716 ἐν
423 2655 499 2734 χλαί
513 2717 520 2739 .

166 2773 216 2838 13.
239 2756 346 2836 κόπρος
361 2755 413 2832 έην
430 2757 545 2842 κεφαλῇ
560 2782 593 2819 τε

167 2856 214 2922 16.
238 2857 273 2920 οὐ
287 2860 344 2936 μὲν
358 2858 415 2940 γάρ
430 2885 476 2922 τοι
492 2862 550 2940 ἐγώ

165 2977 217 3042 29.
243 2958 322 3024 ἔκλε’
338 2960 382 3024 ἐπ’
400 2962 570 3043 ἀνθρώπους

78 3063 152 3129 282.
190 3083 221 3146 3.
244 3062 323 3130 υἱέας
338 3062 486 3144 ἐξενάριξε

188 3165 217 3227 6.
243 3168 269 3229 εἰ
283 3165 340 3249 γάρ
356 3168 384 3230 α’
400 3167 516 3249 αἱρήσει

188 3271 217 3330 8.
241 3269 309 3332 οὐδέ
322 3296 367 3337 τις
382 3270 530 3334 αἰδέσεται

169 3391 219 3448 14.
242 3372 305 3434 τότ’
321 3375 423 3436 ἄντιτα

168 3492 220 3539 22.
245 3476 309 3539 ἐπεὶ
324 3476 389 3538 ούέ

168 3595 220 3662 23.
244 3579 325 3641 ἀλλά
345 3578 400 3658 πρὸ
415 3579 526 3659 Τρώων

79 3679 153 3764 283.
188 3699 220 3764 5.
244 3686 297 3744 νῶν
313 3680 340 3742 δ’
360 3681 447 3747 αὐτὸς
463 3680 519 3763 γάρ

189 3783 219 3847 6.
244 3787 271 3848 εἰ
285 3783 319 3846 δέ
333 3809 384 3863 μοι
399 3783 471 3846 οἰσα

188 3907 218 3968 9.
241 3885 260 3964 ῆ
277 3886 323 3948 καὶ
339 3893 499 3968 φωριαμῶν

166 3988 217 4054 28.
242 3988 327 4052 ἔνθεν
346 3989 449 4071 ιβμέν

79 4092 152 4172 284.
191 4113 217 4156 1.
243 4094 362 4172 ἐξεσίην
377 4095 496 4158 ἐλθόντι

169 4197 218 4260 16.
241 4195 259 4276 ἢ
275 4198 392 4260 οὕνεσθ
408 4198 454 4259 ὅτι
468 4222 518 4276 μοι

167 4317 218 4365 20.
242 4298 261 4377 ῆ
277 4301 325 4362 καὶ
341 4302 485 4384 σκιπανίηι
503 4299 571 4382 (sie)
588 4301 665 4364 δίεπ’

170 4400 221 4466 28.
247 4404 407 4484 Δηΐφοβόν
418 4429 451 4467 τε
463 4404 511 4466 καὶ
525 4400 686 4470 Ἱππόθοον

78 4503 153 4592 285.
191 4523 218 4584 1.
243 4504 391 4587 Μήστορά
405 4505 429 4569 τ’
447 4507 583 4570 ἀντίθεον

839 383 869 444 6.
892 383 1013 461 πύξινον
1029 383 1184 463 ὀμφαλόεν

839 489 869 549 8.
892 486 963 572 πέζῃ
979 485 1026 549 ἐπὶ
1042 486 1140 570 πρώτῃ

821 608 870 666 14.
894 590 925 651 ἐκ
942 588 1077 666 θαλάμου
1092 591 1124 650 δὲ
1140 587 1280 668 φέροντες

821 693 870 756 18.
895 697 981 773 κῆρυξ
997 694 1044 756 καὶ
1060 695 1194 772 Πρίαμος

820 816 870 861 22.
894 799 968 860 αἴτει
984 794 1010 860 δ’
1026 794 1129 859 οἰωνόν
1143 796 1237 877 ταχύν

819 917 871 984 23.
892 900 925 965 ὅς
940 898 973 962 τέ
986 901 1015 962 οἰ
1030 899 1106 982 αὐτῷ

820 1023 871 1088 25.
895 1006 1039 1085 φίλτατος
1053 1005 1164 1066 οἰωνῶν

819 1126 871 1190 29.
893 1106 1036 1189 χέρνιβον
1051 1105 1223 1185 ἀμφίπολος

732 1207 806 1274 286.
844 1231 871 1273 1.
895 1210 991 1293 εὔχετ’
1003 1209 1104 1273 ἔπειτα
1123 1206 1197 1271 στάς
1293 1221 1297 1226 ’

839 1326 870 1394 5.
894 1313 998 1376 αὐτίκα
1013 1310 1037 1375 δ’
1055 1310 1155 1374 αἰετὸν
1173 1305 1226 1387 ἧκε
1241 1390 1243 1394 Α

819 1434 871 1500 23.
895 1414 996 1497 ἀνέρος
1011 1416 1147 1495 ἀφνειοῖο

819 1518 870 1582 26.
895 1518 1013 1597 έϋκλήις
1025 1518 1148 1599 ἀραρυῖα

732 1621 806 1703 287.
842 1637 873 1702 7.
896 1621 970 1686 ἔσαν
985 1619 1078 1702 πτερά

822 1744 871 1789 12.
895 1727 924 1788 οἱ
942 1723 967 1788 δ’
984 1725 1048 1789 ἐπεὶ
1063 1723 1115 1788 σῶν
1130 1723 1234 1788 πόλιος

825 1848 874 1906 14.
897 1833 999 1894 παῖδες
1014 1828 1062 1890 καὶ
1076 1826 1210 1908 γαμβροί

819 1951 870 1998 2ο.
893 1937 953 1996 τῶν
971 1931 1073 1995 άλλων
1089 1935 1217 1993 Δαναῶν

821 2036 872 2102 26.
897 2037 994 2099 εἵλετο
1011 2037 1042 2097 δὲ
1056 2032 1169 2114 ῥάβδον

733 2137 806 2204 288.
843 2157 872 2204 2.
897 2140 1088 2216 αἰσυμνητῆρι
1104 2136 1205 2201 ἐοικώς
1321 2172 1324 2177 <

824 2261 872 2304 11.
895 2243 994 2304 τόσσα
1009 2239 1035 2302 δ’
1052 2235 1159 2302 ὀνείατ’
1175 2237 1285 2318 ἀγοντα

821 2363 872 2430 25.
895 2342 936 2410 ώς
949 2369 1000 2424 μοι
1013 2346 1091 2406 καλά
1105 2341 1157 2403 τὸν
1169 2340 1250 2403 οἶτον

820 2461 872 2529 27.
896 2449 1030 2527 ἀπότμου
1045 2445 1148 2510 παιδὸς
1164 2443 1282 2507 ἔνισπες

733 2550 874 2635 28913.
900 2548 1085 2632 Πάτροκλον,
1112 2554 1171 2611 τῶν
1201 2548 1233 2609 δὲ
1266 2569 1338 2607 στο-

928 2652 1004 2736 νακό

823 2776 876 2824 21.
900 2755 968 2820 ἀλλ’
986 2758 1040 2837 ἄγε
1056 2755 1091 2833 δή

734 2879 807 2943 290.
846 2862 875 2923 8.
899 2860 972 2923 δοιοὶ
987 2858 1043 2940 γάρ
1059 2884 1091 2922 τε
1106 2859 1187 2922 πίθοι

824 2983 872 3026 11.
896 2963 967 3026 Ηοο
987 2961 1127 3025 scholion
1146 2963 1188 3026 εἰς
1206 2981 1338 3037 παραμυ-

928 3063 1339 3148 θίαν--προσώπῳίθωαιαίε

927 3175 1021 3246 earet,
1046 3168 1121 3252 quia
1147 3189 1219 3230 cum
1249 3185 1337 3247 prae-

929 3273 1058 3337 cedente
1069 3271 1274 3335 eoniunessum
1288 3273 1337 3330 est

928 3378 960 3439 in
977 3377 1008 3438 A

823 3498 873 3543 22.
898 3482 997 3560 δώρων
1013 3481 1062 3542 οἰα
1078 3479 1179 3541 δίδωσι
1264 3470 1269 3477 ’

822 3600 874 3666 32.
898 3585 984 3666 ὄλβῳ
1000 3608 1032 3645 τε
1048 3580 1165 3663 πλούτῳ
1182 3605 1213 3641 τε

738 3704 809 3770 291.
850 3704 875 3747 1.
899 3685 931 3748 τέ
945 3711 995 3749 κεν
1010 3681 1177 3760 παναώριον

824 3805 875 3864 24.
899 3790 965 3852 ε’πεί
977 3813 1014 3867 με
1030 3791 1146 3866 πρῶτον
1162 3785 1253 3848 ἔασας

736 3906 810 3969 292.
844 3911 875 3967 4.
899 3892 965 3954 ἐπεί
976 3915 1014 3969 με
1029 3893 1145 3970 πρῶτον
1161 3886 1253 3952 ἔασας

746 4058 749 4065 ,
825 4013 874 4056 11.
900 3995 930 4059 ές
946 3992 1081 4074 στρατὸν,
1098 3990 1164 4054 οὐδὲ
1179 3993 1236 4070 γάρ
1251 3989 1288 4052 ἀν

826 4115 873 4176 14.
898 4097 964 4159 οὐδὲ
979 4097 1037 4177 γὰρ
1053 4094 1089 4158 ἀν
1104 4093 1254 4172 φυλακούς

823 4218 874 4263 2ο.
893 4198 933 4278 μή
950 4225 986 4262 σε
1005 4198 1093 4280 γέρον
1111 4195 1170 4260 οὐδ’
1187 4196 1275 4259 αἰτόν

824 4320 874 4383 24.
897 4305 974 4384 ἥρως
991 4300 1167 4381 Αὐτομέδων

823 4418 875 4486 27.
898 4404 986 4493 ᾕρεον
1000 4403 1159 4485 Ἑκτορέης

738 4525 811 4592 293.
846 4508 876 4572 6.
900 4511 946 4572 καὶ
964 4508 1019 4592 γάρ
1032 4509 1056 4571 τ’
1071 4506 1196 4587 ἠύκομος
1214 4507 1315 4586 Νιόβη
