2954 4936
527 208 697 270 ιΛιΑΔον
729 213 772 270 ιι.
804 209 890 290 (12)
1220 208 1286 269 333

180 375 251 439 192.
276 355 488 446 αὐτοσχεδίην]
506 361 537 422 ἐκ
551 364 604 423 τοῦ
621 362 759 439 πλησίον,
776 364 809 424 ἔκ
828 365 927 445 χειρός

178 478 253 527 202.
278 457 451 549 φοινήεντα]
469 464 644 542 φονευτικδν
658 462 677 542 ἢ
693 467 804 547 πυρρόν

178 583 253 645 204,
277 562 369 652 κόψε]
387 565 500 641 ἔδακεν,
511 564 643 645 ἔπληξεν

178 680 253 748 205.
278 666 423 756 ἰδνωθείς]
443 669 623 750 συνειλήσας
639 670 752 751 ἑαυτὸν,
769 673 914 754 καμφθείς

178 788 253 855 207.
277 768 421 859 κλάγξας]
438 772 541 852 βοήσα
1301 788 1318 848 5

178 893 253 960 213.
276 876 369 955 παρὲξ
384 872 580 964 ἀγορευέμεν]
598 875 706 956 ἔξωθεν
720 882 778 942 τῶν
793 883 931 960 χρηστῶν

177 991 253 1059 225.
276 977 311 1040 ού
327 975 442 1066 κόσμῳ]
460 978 494 1042 ού
511 983 583 1043 κατὰ
597 979 632 1042 τδ
647 979 715 1045 δέον
832 983 911 1060 παρὰ
925 977 1048 1068 ναῦφιν]
1067 979 1123 1044 άπὸ
1138 985 1197 1043 τῶν
1211 984 1286 1043 νεῶν

177 1082 251 1145 αύτδ
266 1079 407 1170 κέλευθα]
424 1084 476 1149 τὰς
494 1083 582 1150 αὐτᾶς
597 1085 682 1150 ὁδούς

179 1183 254 1251 228.
276 1182 480 1273 ὑποκρίναιτο]
498 1186 563 1250 ἀντὶ
578 1191 631 1249 τοῶ
646 1187 838 1268 ἀποκρίναιτο
853 1184 1046 1268 ἐξηγούμενος
1060 1184 1094 1248 τὸ
1110 1190 1234 1264 σημεῖον

178 1285 357 1376 θεοπρόπος]
376 1288 528 1368 οἰωνιστής
1303 1307 1340 1347 ιο

178 1410 252 1476 233.
277 1389 334 1455 ἀπδ
351 1389 496 1480 σπουδῆς]
515 1392 573 1456 άπὸ
590 1395 713 1474 κρίσεως
801 1411 875 1477 239.
891 1392 963 1472 πρὸς
977 1388 1035 1478 ἠῶ]
1052 1390 1125 1471 πρὸς
1140 1388 1287 1456 ἀνατολάς

179 1514 252 1573 240.
275 1495 342 1558 ποτὶ
358 1493 466 1585 ζόφον]
483 1496 556 1577 πρὸς
571 1497 683 1577 δυσμάς

178 1612 253 1679 247.
275 1596 444 1686 μενεδήϊος]
462 1601 495 1662 ἔν
512 1600 547 1687 τῇ
563 1599 644 1686 μάχῃ
660 1600 828 1681 καρτερικός

178 1720 252 1782 249.
275 1699 483 1790 παρφάμενος]
502 1702 782 1785 παραλογισάμενος
892 1714 966 1783 250.
990 1699 1104 1789 τυπείς]
1121 1703 1245 1783 πληγείς

178 1817 252 1885 255.
277 1801 382 1893 θέλγε]
399 1806 507 1884 ἠπάτα,
524 1807 676 1886 ἔβλαπτεν
1305 1817 1341 1876 15

179 1921 252 1990 257.
275 1906 455 1996 πειρήτιζον]
472 1915 576 1987 πεῖραν
592 1911 744 1974 ἐποιοῦντο

180 2013 253 2094 258.
265 2082 267 2086 Α
279 2011 424 2102 κρόσσας]
440 2020 637 2097 προμαχῶνας
652 2014 671 2093 ἢ
688 2016 832 2095 κλίμακας
944 2008 1076 2100 ἔρειπον]
1095 2013 1245 2094 ἔστρεφαν

178 2112 329 2202 ἐπάλξεις]
347 2122 542 2198 προμαχῶνας
562 2112 673 2198 (προμά
688 2116 733 2200 Α)

179 2231 253 2300 259.
277 2215 406 2305 στήλας]
424 2219 527 2299 ὀρθοὺς
541 2221 643 2286 λίθους

179 2322 252 2388 260.
277 2318 407 2409 ἔχματα]
424 2323 595 2402 ἐρείσματα,
612 2323 767 2403 θεμελίους
1303 2345 1341 2384 20

179 2425 252 2491 261.
276 2422 415 2513 αὐέρυον]
434 2423 584 2504 ἐξέβαλον
661 2440 662 2443 ’
716 2427 789 2506 264.
814 2421 925 2511 δηΐους]
942 2424 1008 2490 τοὺς
1025 2425 1183 2504 πολεμίους

179 2528 253 2608 265.
277 2525 495 2616 κελευτιόωντ’]
512 2529 743 2608 παρεκελεύοντο

181 2632 256 2697 266.
280 2628 439 2719 φοιτήτην]
456 2633 650 2714 ἐπερχόμενοι
744 2697 749 2715 Ν

178 2736 252 2816 267.
274 2720 448 2822 μειλιχίοις]
465 2733 569 2816 πράσις
699 2730 846 2822 στερεοῖς]
865 2738 1006 2813 σκληροῖς

179 2836 252 2902 268.
276 2833 405 2924 νείκεον]
423 2838 565 2915 ὀνείδιζον
653 2837 726 2920 269.
749 2833 883 2925 μεσήεις]
899 2834 985 2917 μέσοι
1002 2839 1075 2899 κατὰ
1092 2836 1214 2915 δύναμιν
1301 2860 1339 2915 25

179 2954 253 3026 273.
277 2937 446 3027 τετράφθω]
463 2939 614 3022 τρεπέσθω

177 3039 392 3130 ὁμοκλητῆρος]
409 3046 462 3107 τοῦ
484 3043 723 3125 ἐγκελευομένου,
740 3048 791 3108 τοῦ
808 3044 1002 3110 ἀπειλοῦντος

203 3161 254 3230 74.
279 3143 377 3235 ἵεσθε]
396 3149 503 3228 όρμῶτε
634 3143 709 3229 276.
733 3145 863 3236 δίεσθαι]
881 3153 981 3226 διῶξαι

178 3264 253 3335 279.
276 3246 382 3337 ὤρετο]
399 3239 526 3331 ῶρμησε,
543 3250 728 3332 προεθυμήθη

180 3353 253 3419 280.
277 3350 533 3441 πιφαυσκόμενος]
551 3355 727 3435 ἐμφανίζων,
743 3355 955 3435 προσημαίνων
1300 3376 1339 3432 30
1430 3364 1433 3369 '

177 3459 214 3519 τδ
231 3457 250 3520 δ
265 3452 356 3543 κῆλα]
373 3458 411 3519 τδι
426 3457 514 3520 αὐτοῦ
532 3464 640 3536 σημεῖα
657 3456 713 3541 (sic
728 3463 811 3520 recte
822 3456 863 3533 A,
876 3476 941 3517 non
954 3455 1097 3533 σημαίνει,
1111 3456 1192 3538 quod
1204 3455 1285 3519 male

134 3580 285 3623 excusum
314 3583 345 3643 p.
369 3572 443 3640 427,
467 3579 499 3638 4,
518 3559 573 3622 ubi
598 3560 674 3624 haee
700 3558 783 3622 inter
804 3557 921 3621 scholia
944 3561 1018 3620 sunt
1040 3561 1179 3643 recepta)
1204 3560 1284 3638 βέλη

134 3663 293 3743 ἐπιπέμπει
309 3664 382 3727 κατὰ
396 3665 503 3746 χόλον.
537 3664 614 3743 βέλη
630 3667 663 3727 δὲ
679 3664 733 3728 νῶν
748 3663 800 3728 τὸν
813 3665 945 3745 χειμῶνα

181 3765 255 3833 282.
278 3763 427 3853 πρώονας]
445 3769 499 3832 τδς
514 3772 571 3830 τῶν
585 3768 660 3848 ὀρῶν
677 3765 784 3848 ἐξοχάς

179 3870 252 3955 283.
275 3866 441 3957 λωτεῦντα]
458 3871 607 3933 ἀνθοῦντα
737 3871 825 3958 πίονα
841 3865 928 3956 ἔργα]
945 3871 983 3932 τδ
998 3869 1127 3951 γεόργια
1300 3885 1337 3944 35

179 3972 252 4054 285.
276 3970 484 4061 προσπλάζον]
501 3974 752 4056 προσερχόμενον,
769 3973 1030 4053 προσρηγνύμενον

180 4076 253 4142 286.
277 4073 425 4162 εἰλύαται]
443 4075 622 4140 κεκάλυπται
923 4089 927 4096 “

179 4179 251 4261 287.
276 4177 430 4267 πωτῶντο]
447 4179 596 4257 ἐπέτοντο,
613 4180 756 4263 ἐφέροντο

178 4301 251 4368 293.
276 4280 386 4371 ἕλιξιν]
402 4282 531 4364 μέλασιν
546 4282 564 4362 ἢ
581 4285 695 4348 εἰλοῦσι
710 4282 777 4348 τοὺς
791 4283 883 4347 πόδας
898 4284 930 4346 έν
945 4281 980 4368 τῇ
995 4283 1094 4365 πορείι

176 4399 249 4468 295.
274 4385 435 4474 ἐξήλατον]
454 4386 618 4470 ἔξάπτυχον
749 4406 757 4417 ’
1298 4405 1339 4456 40

180 4490 252 4571 296.
276 4486 405 4576 ἤλασεν]
424 4492 643 4554 κατεσκεύασεν
694 4485 850 4575 ἔντοσθεν]
869 4487 982 4552 ἔσωθεν
1036 4484 1155 4575 βοείας]
1172 4489 1286 4570 βύρσας
