2954 4936
421 218 426 231 “
500 224 672 287 ιιιιιον
702 226 741 286 A.
771 221 835 306 (1)

135 392 209 456 449.
233 372 410 463 ούλοχύτας]
436 376 530 454 κριθαὶ
543 379 618 455 μετὰ
633 379 714 439 ᾰλῶν
728 377 904 458 μεμιγμέναι

31 539 36 549 ,
133 490 208 558 454.
231 475 309 558 μέγα
324 476 348 540 δ’
360 474 452 566 ἴψαο]
475 478 613 560 μεγάλως
628 478 772 561 ἔβλαψας

133 577 208 661 458.
232 577 411 668 οὐλοχύτας]
437 580 538 662 κριθάς

133 682 209 758 462.
234 682 282 744 ἐπὶ
297 679 412 770 σχίζῃς]
437 683 501 748 ἀντὶ
515 690 567 748 τοῦ
582 685 630 750 ἐπὶ
644 690 753 768 σχιζῶν

132 783 209 864 464.
233 782 398 874 ἐπάσαντο]
424 787 585 869 ἐγεύσαντο
715 787 790 868 468.
813 781 944 872 ἐδεύετο]
970 782 1069 862 ἐνδεής
1082 781 1119 861 ῆν
1254 786 1272 848 6

134 885 209 968 469.
234 884 366 976 ἐδητύος]
390 890 533 969 βρώσεως
663 892 695 969 ἐξ
710 890 777 972 ἔρον
792 885 875 976 έντα]
901 886 1100 968 ἐκορέσθησαν

133 1002 209 1065 471.
232 983 388 1075 νύμησαν]
413 988 579 1070 διεμέρισαν

134 1102 210 1170 472.
232 1085 419 1177 πανημέριοι]
444 1089 481 1155 δι’
493 1092 566 1170 ὅλης
580 1095 631 1171 τῆς
644 1092 749 1172 ἡμέρας
880 1084 995 1176 μολπῆ]
1019 1089 1110 1172 ύμνιρ,
1126 1083 1185 1172 φθῇ

133 1205 209 1277 473.
232 1190 374 1281 παιήονα]
400 1193 475 1260 εἶδος
489 1190 564 1280 ᾠδῆς

57 1354 60 1359 ,
135 1311 211 1379 475.
235 1296 282 1358 καὶ
298 1297 346 1360 ἐπὶ
362 1298 471 1378 κνέφας
485 1294 591 1386 ἦλθεν]
618 1296 684 1362 ἀντὶ
699 1305 751 1362 τοῦ
767 1295 818 1381 (αὖ
831 1298 874 1381 A)
890 1296 939 1361 καὶ
954 1293 1010 1373 νὺξ
1022 1292 1141 1376 ἐγένετο
1256 1303 1294 1347 10

134 1397 210 1478 476.
234 1396 428 1488 κοιμήσαντο]
452 1401 511 1465 ἀπὸ
526 1401 650 1480 θέματος
665 1407 717 1465 τοῦ
733 1406 823 1482 κοιμῶ

134 1503 215 1582 παρὰ
229 1500 411 1591 πρυμνήσια]
435 1507 515 1585 παρδ
529 1507 567 1568 τὰ
582 1506 710 1586 ἀπόγεια
723 1505 847 1588 (ἀπόγια
861 1503 905 1587 A)
921 1505 1040 1586 σχοινία

134 1617 210 1686 477.
234 1602 397 1693 ἠριγένεια]
421 1607 440 1686 ἡ
455 1607 513 1671 ἀπὸ
528 1613 581 1671 τοῦ
596 1609 703 1690 ὅρθρου
718 1606 886 1690 γεννωμένη

134 1725 210 1791 479.
231 1704 364 1795 ἴκμενον]
388 1712 560 1791 πορευτικόν
686 1705 789 1798 οὖρον]
813 1708 909 1791 φορὸν
923 1709 1032 1789 άυεμον

136 1812 211 1890 480.
236 1807 386 1899 ίστία]
355 1838 409 1891 την
424 1811 532 1892 ὀθόνην
1257 1813 1294 1876 ¹5

135 1913 210 1993 482.
233 1911 405 2003 στείρῃ]
373 1941 407 1996 τη
421 1919 536 1998 τρόπιδι
553 1919 686 1999 (τρόπηδι
700 1917 743 1998 A)

136 2017 209 2102 483.
233 2018 458 2098 διαπρήσσουσα
474 2016 629 2108 κέλευθον]
657 2025 835 2100 διαπερῶσα,
852 2015 1024 2101 διερχομένη
1040 2015 1093 2080 τὸν
1107 2020 1204 2079 πλοῦν

135 2117 211 2202 486.
234 2118 330 2208 ὑψοῦ]
357 2122 409 2202 ἐφ’
422 2123 518 2204 ύψους
631 2120 756 2212 ἕρματα]
782 2123 953 2204 ἐρείσματα,
969 2119 1151 2201 φυλάγματα

140 2222 214 2304 487.
239 2221 424 2312 ἐσκίδναντο]
442 2227 650 2307 ἐσκορπίζοντο

139 2345 214 2410 490.
238 2325 422 2416 πωλέσκετο]
449 2329 646 2412 ἀνεστρέφετο

136 2449 211 2514 491.
235 2428 470 2520 φθινύθεσκε]ἐ
470 2436 584 2517 τηκεν(
574 2433 680 2517 (ἔτικεν
694 2432 736 2517 A)
1252 2516 1255 2522 .

135 2555 210 2617 492.
234 2531 339 2623 ἀϋτήν]
366 2535 464 2621 μάχην
593 2559 668 2624 493.
692 2533 816 2626 ἐκτοῖα]
842 2537 1000 2660 ἐξέκείνου
1015 2559 1066 2598 του
1052 2534 1188 2617 χρόνον

137 2658 210 2723 494.
232 2634 319 2726 ίσαν]
345 2641 520 2719 ἐπορεύοντο

138 2741 213 2826 49.6
238 2739 411 2830 ἀνεδύσετο]
437 2742 533 2822 ἀνέδυ,
550 2746 679 2825 ἀνῆλθεν

26 2904 32 2929 2
138 2858 212 2927 497·
236 2840 331 2931 ἠερίη]
357 2846 472 2926 υθινδ.
488 2847 605 2929 ὄνθνινή

138 2950 214 3032 498.
236 2945 320 3036 ἀτερ]
337 2951 427 3033 χωρίς
543 2948 662 3040 ἄλλων]
679 2957 755 3018 θεῶν

136 3071 212 3136 499.
235 3048 458 3142 πολυδειράδος]
483 3058 598 3122 πολλὰς
613 3054 719 3139 ἐξοχὰς
734 3056 855 3140 ἔχοντος

138 3169 213 3238 501.
238 3152 340 3243 σκαιῇ]
358 3156 498 3241 ἀριστερᾷ

136 3274 211 3343 507.
235 3255 377 3348 ἀπούρας]
402 3262 587 3343 ἀφελόμενος
717 3261 791 3346 508.
816 3259 915 3350 τῖσον]
940 3263 1065 3341 τίμησον

140 3377 212 3444 509.
236 3359 348 3450 τόφρα]
374 3364 421 3427 ἐπὶ
435 3371 578 3429 τοσοῦτον
1258 3381 1298 3438 30

138 3479 212 3550 512.
236 3466 289 3545 δῆν
302 3463 393 3554 ῆστο]
418 3469 466 3531 ἐπὶ
481 3468 576 3533 πολὺν
590 3469 699 3551 χρόνον
713 3468 866 3544 ἐκαθέζετο

137 3581 211 3654 513.
235 3565 328 3657 ἔχετ’]
353 3571 468 3652 ἐκράτει
598 3560 781 3659 ἐμπεφυυῖα]
804 3568 981 3651 ἐμπλέξασα
996 3571 1047 3636 τὰς
1061 3574 1162 3652 χεῖρας

137 3669 246 3761 είρετο]
271 3674 403 3755 ἀνηρύτα

137 3791 212 3860 515.
235 3773 400 3865 ῆάπόειπ]
424 3775 625 3858 ῆᾶπάρνησαι
756 3773 819 3866 ἐτι]
847 3776 968 3842 έπεστιν

138 3879 212 3964 518.
236 3875 450 3968 ἐχθοδοπῆσαι]
475 3880 582 3963 ἐχθρὸν
599 3882 783 3957 καταστῆσαι
797 3883 990 3965 (καταστῆναι
1005 3877 1155 3959 Cobetus)
1257 3890 1295 3953 35

137 3978 276 4070 ἐφήσεις]
301 3982 491 4065 ἐφορμήσεις,
509 3985 526 4046 6
541 3986 624 4048 ἐστιν
638 3981 815 4065 ἀναγκάσεις

138 4102 211 4170 520.
235 4088 253 4166 ἡ
269 4090 301 4151 δὲ
317 4089 364 4152 καὶ
380 4087 471 4155 αύτως
484 4084 531 4175 μ’]
556 4089 627 4167 αὕτη
644 4089 676 4151 δέ
691 4089 739 4152 καὶ
753 4089 882 4167 ματαίως
898 4085 1023 4171 (ματέως
1037 4085 1079 4169 Α)
1095 4108 1133 4165 με

138 4205 213 4273 521.
238 4192 287 4254 καί
299 4189 333 4253 τέ
345 4191 382 4270 μέ
396 4187 487 4279 φησι]
514 4192 560 4254 καὶ
575 4193 626 4271 ἐμὲ
641 4189 724 4271 λέγει

138 4313 213 4380 522.
237 4291 398 4382 ἀπόστιχε]
424 4297 569 4379 ἀναχύρει
698 4311 773 4380 524.
796 4296 850 4378 άγε
864 4292 926 4384 τοι]
951 4295 1005 4377 άγε
1020 4292 1055 4374 δή
1071 4319 1120 4358 σοι

142 4399 213 4479 526.
237 4394 364 4485 τέκμωρ]
389 4397 483 4477 τέλος,
499 4397 654 4481 τεκμήριον
1257 4410 1297 4466 40

140 4498 372 4588 παλινάγρετον]
396 4503 628 4583 ύστερόληπτον,
644 4504 734 4568 οἱονεὶ
747 4504 949 4584 μεταμελητόυ
1077 4518 1080 4523 “

644 4624 699 4671 X2
