2954 4936
509 209 680 268 ιΛιΑΔοΣ
711 208 750 268 ο.
786 204 868 286 (15)
1219 206 1261 268 ου

114 359 197 432 κατδι
219 359 332 449 κίνησιν
349 359 576 453 ἀντιπαρέθηκεν
593 358 807 453 ὑπερβολικῶς,
824 354 875 430 καί
892 355 937 430 θτι
955 355 989 430 τδ
1011 357 1205 455 παροιμιακδν
1227 357 1262 432 τδ

115 487 136 517 “
147 477 291 550 διέπτατο
308 475 332 546 δ’
349 474 428 547 ὥστε
446 473 541 570 νύημα
552 477 570 507 ”
593 475 627 546 ἐκ
646 475 754 547 τούτου
771 472 822 547 καὶ
839 484 894 546 τῶν
910 474 991 547 κατδι
1012 475 1065 564 την
1081 474 1264 548 Ὀδύσσειαν

117 600 163 683 (7,
182 601 237 686 36)
258 592 418 688 σύγκειται
442 601 462 631 “
471 601 526 664 τῶν
541 593 602 672 νέες
620 595 718 664 ν’)κεῖαι
742 587 814 664 ὦσεδ
838 587 996 688 πτερθν,ἦέ
1018 589 1139 686 νοἠμα,”
1166 592 1218 664 οὖκ
1234 588 1264 663 ’δν

113 713 185 808 παρ’
205 705 295 782 ούδενδ
310 718 429 808 ποιητῇ.

167 833 221 901 82·
249 823 369 907 *ούτυς
384 823 588 924 Ἀρίσταρχος
610 823 673 897 ἕνθ’
697 823 781 913 είην,
799 823 880 920 μετδι
896 856 948 896 του
963 826 989 914 ν,
1009 821 1060 897 καὶ
1077 823 1126 896 διδι
1143 834 1198 897 τῶν
1214 824 1262 898 δύο
1277 837 1295 900 5
1387 902 1390 909 ,

113 945 134 1032 η
159 942 376 1042 μενοινήῃσί
396 974 446 1015 τε.

168 1067 222 1131 86.
247 1058 451 1158 Ἀρίσταρχος
476 1064 653 1151 σημειούται
673 1053 721 1128 δτι
744 1052 834 1138 ούτυς
850 1053 944 1150 μύνυς
960 1058 1108 1153 γραπτέον
1134 1057 1265 1129 δέπασ-

116 1197 184 1246 σιν·
210 1172 291 1266 φησδ
308 1183 378 1272 γοῦν
392 1175 420 1247 έν
432 1183 495 1254 τοῖς
511 1174 579 1262 ἑξῆς
597 1181 616 1212 “
628 1172 765 1266 Θέμιστι
783 1173 814 1245 δὲ
831 1170 1027 1270 καλλιπαρῄῳ
1040 1172 1124 1244 δέκτο
1142 1171 1264 1252 δέπας.”

116 1290 146 1363 έν
163 1289 249 1373 ένίυις
265 1292 297 1364 δὲ
323 1301 344 1331 “
356 1287 462 1363 κάλεύν
479 1289 514 1361 τέ
529 1321 581 1384 μιν
599 1289 642 1370 εἷς
658 1285 674 1362 έ
692 1287 850 1376 έκαστος,”
876 1286 927 1360 ούκ
949 1284 992 1360 εθ·
1027 1286 1104 1359 ι’δίαν
1121 1287 1180 1384 γδιρ
1198 1285 1264 1384 ’ἔχει

116 1408 267 1507 καθέδραν·
302 1417 365 1489 πῶς
386 1403 432 1479 οθν
448 1402 520 1505 πρθς
540 1404 642 1478 έαυτδν
659 1404 789 1486 έκαστος
805 1415 900 1476 καλεῖ
905 1436 918 1488 ,·
947 1400 996 1476 έπδ
1016 1403 1071 1496 μὲν
1091 1412 1146 1492 τῆς
1158 1399 1265 1502 Ἴριδος
1281 1423 1318 1466 10

116 1522 239 1622 ἇρμθζει
256 1534 312 1614 τῆς
328 1523 401 1620 πρδς
418 1522 487 1605 τοὺς
503 1522 629 1616 ἀνέμους
648 1520 887 1619 παραγεγονυίας
905 1522 962 1615 (Il.
982 1547 1034 1613 23,
1053 1519 1147 1619 203).
1182 1519 1267 1592 ἀλλδ

116 1642 178 1737 μὴν
195 1639 251 1713 οὔδ’
270 1641 422 1713 ἐπέεσσι
442 1639 598 1736 γραπτέον·
625 1637 779 1710 έπιδιδυσι
796 1637 856 1736 γδιρ
873 1641 892 1728 ἡ
910 1637 1012 1730 Θέμις
1028 1637 1105 1738 αὐτῇ
1122 1635 1156 1709 τδ
1173 1639 1266 1726 ποτη-

117 1789 187 1855 ριον.
222 1761 237 1830 o‘
262 1757 294 1829 δὲ
315 1759 401 1855 Θρᾷξ
424 1757 581 1837 Διονύσιος
605 1755 810 1853 παρακεῖσθαί
830 1768 911 1848 φησι
937 1753 971 1828 τδ
998 1764 1121 1848 σημεῖον
1146 1754 1191 1827 θτι
1217 1754 1267 1827 διδ

117 1871 229 1955 παντδς
246 1874 316 1956 τοὺς
333 1873 413 1954 θεοὺς
432 1871 592 1961 συνίστησι
609 1873 745 1954 πίνοντας
767 1868 819 1944 καὶ
842 1871 954 1960 ταύτην
971 1871 1096 1969 ἀρίστην
1116 1871 1266 1967 διαγωγὴν

118 1987 254 2086 έχοντας,
269 1988 342 2087 πρδς
358 1988 393 2062 τδ
412 1989 440 2061 ἓν
455 1988 623 2086 Ὀδυσσείᾳ
641 1999 662 2028 “
672 1989 704 2061 ού
720 1989 779 2088 γδρ
797 1988 894 2085 έγοιγέ
909 1988 946 2060 τί
957 2000 1040 2083 φημι
1058 1989 1142 2069 τέλος
1161 1989 1267 2088 χαριέ-
1282 2006 1318 2068 15

120 2137 224 2203 στερον
241 2100 314 2178 εἶναι
331 2102 438 2196 θρύταν
456 2105 622 2204 εὖφροσύνη
638 2106 694 2200 μέν
711 2103 769 2205 έχη
781 2109 798 2138 ”
818 2105 894 2204 (Od.
913 2132 945 2196 9,
964 2102 1013 2202 5).

171 2220 299 2294 *ταύτδι
316 2225 330 2295 ὃ
347 2220 487 2316 Δίδυμος
513 2229 554 2320 τῷ
570 2218 763 2320 Ἀριστονίκη)
779 2222 864 2316 λέγει
889 2217 956 2318 περὶ
982 2229 1038 2309 τῆς
1062 2229 1186 2316 γραφῆς
1211 2231 1267 2311 τῆς

118 2338 261 2411 δέπασσι.

170 2463 220 2544 87.
250 2451 431 2552 *Θέμιστι]
444 2451 491 2526 ’ύτι
508 2463 623 2535 πτῶσις
639 2453 793 2544 ἤλλακται
810 2449 863 2525 καὶ
879 2449 1018 2551 πρθθεσις
1034 2462 1185 2551 παρεῖται,
1199 2451 1266 2526 ἀντὶ

118 2578 171 2643 τοῦ
187 2570 271 2665 παρδι
287 2570 428 2666 Θέμιδος.
1281 2575 1320 2616 ²⁰

171 2716 224 2780 92.
252 2685 332 2760 *θεδι
348 2684 539 2786 λευκύλενος]
557 2685 585 2759 έν
602 2685 688 2785 ἀλλρ
710 2693 847 2772 βοῶπις
868 2682 1002 2758 πύτνιοι
1014 2680 1110 2781 Ἠρη.

171 2833 222 2898 94,
249 2802 398 2902 *έκείνου]
413 2802 615 2901 Ἀρίσταρχος
642 2801 760 2875 κείνου
779 2806 896 2883 Ἰακῶς.

171 2918 230 3002 οἷος
251 2918 359 2992 έκείνου
382 2918 485 3019 θυμύς]
506 2916 551 2992 ’ύτι
573 2917 607 2992 τδ
626 2920 809 3018 ὑπερφίαλος
827 2927 872 2991 νῦν
887 2916 943 3014 μέν
961 2916 1008 2992 ε’πῖ
1024 2915 1131 3014 φύγον,
1149 2921 1164 2990 o‘
1181 2917 1269 3016 ὑπέρ-

121 3037 257 3124 σπονδος,
279 3037 403 3123 βέλτιον
420 3036 452 3109 δὲ
468 3038 483 3108 o‘
500 3036 689 3135 ύπέρμετρος·
726 3036 754 3108 έν
771 3034 878 3116 ἀλλοις
900 3035 931 3107 δὲ
955 3034 983 3106 έν
1006 3036 1089 3118 τάξει
1111 3033 1266 3128 ἓγκυμίου·

121 3162 144 3196 “
156 3153 209 3228 ούκ
225 3154 349 3250 ἀγαπᾷς
365 3151 380 3225 δ
398 3151 505 3242 έκηλος
524 3153 738 3251 ὑπερφιάλοισι
756 3150 819 3245 μεθ’
837 3156 909 3246 ἡμῖν
919 3155 936 3182 ”
953 3148 1018 3222 ἀντὶ
1036 3159 1087 3224 τοῦ
1103 3151 1237 3246 ἀγαθοῖς.
1283 3154 1320 3216 ²5

173 3293 226 3360 97.
243 3264 301 3360 ,οἷα
318 3268 395 3350 Ζεδς
418 3269 497 3341 κακδι
523 3267 597 3366 ’ἔργα
619 3265 844 3366 πιφαύσκεται]
868 3267 988 3340 δύναται
1014 3263 1065 3338 καὶ
1090 3264 1155 3338 καθ’
1181 3263 1268 3338 ἓαυτδ

120 3384 155 3458 τδ
179 3385 356 3482 ἡμιστίχιον
372 3382 635 3481 ἀναγινώσκεσθαι,
655 3379 724 3485 ίν’ᾗ
748 3381 955 3476 θαυμαστικδς
977 3386 992 3456 o‘
1011 3381 1111 3478 λύγος.
1146 3374 1293 3469 βέλτιον

140 3499 263 3529 εον
380 3498 558 3529 emt
667 3495 685 3531 ’ξ
799 3495 1086 3528 κη’·’νν
1219 3495 1271 3529 l„

121 3502 153 3575 δε
169 3532 204 3573 το
223 3509 351 3592 συνηθες,
370 3533 409 3583 υς
425 3533 476 3574 και
500 3533 592 3573 επανιυ
620 3507 737 3572 “οισθα
757 3533 808 3572 και
834 3532 911 3589 αντη
937 3510 994 3580 οίος
1020 3531 1127 3572 εκεινου
1152 3507 1243 3594 θνμος

124 3617 210 3717 (93)-

171 3732 238 3805 ούδέ
253 3731 291 3805 τί
302 3729 400 3830 φημι]
425 3735 439 3804 θ
461 3739 534 3818 νοῦς,
560 3731 658 3805 ούκέτι
685 3727 770 3826 οἶμαι
796 3730 846 3805 τδν
871 3731 936 3804 Δία
961 3727 1051 3804 ούδενδ
1075 3741 1132 3803 τῶν
1155 3732 1269 3802 πάντων
1283 3749 1322 3808 30

122 3855 189 3922 θεῶν
205 3845 224 3938 ἢ
241 3846 389 3948 ἀνθρύπυν
407 3845 506 3947 ἶλαρδν
527 3846 661 3934 έσεοθαι,
679 3848 706 3921 εἷ
731 3846 790 3944 ἀρα
814 3846 870 3920 καί
891 3880 941 3929 τις
967 3847 995 3919 έν
1020 3853 1061 3944 τῷ
1085 3843 1205 3944 παρθντι
1231 3852 1271 3944 τῇ

121 3965 213 4038 αὐτοῦ
229 3962 389 4063 προσηνείρι
407 3963 565 4060 εύυχεῒται
584 3963 612 4036 ἓν
629 3963 798 4062 ἱλαρθτητι.

176 4107 247 4156 101.
273 4085 292 4171 ἡ
309 4081 342 4153 δὲ
358 4078 529 4178 γέλασσεν]
548 4077 631 4162 ούτος
648 4084 663 4154 o‘
679 4081 777 4178 γέλυς
795 4078 949 4179 Σαρδθνιος
966 4086 1118 4164 καλεῖται,
1135 4076 1204 4150 θταν
1221 4109 1270 4159 τις

120 4198 167 4294 μὴ
188 4195 222 4269 έκ
241 4197 399 4278 διαθέσεως
415 4194 466 4268 καὶ
483 4195 608 4294 κρίσεως
624 4205 713 4293 γελᾷ.
750 4193 834 4278 οὗτος
855 4195 890 4268 δέ
912 4195 995 4268 ε’στιν
1012 4198 1027 4268 ὅ
1044 4192 1199 4290 Σαρδύνιος
1215 4226 1270 4266 κα·

119 4313 264 4406 λούμενος
279 4314 385 4408 γέλως,
405 4314 517 4406 θμετδι
540 4313 657 4410 δηγμοῦ
668 4310 746 4410 πρδς
765 4311 924 4411 ὑπόκρισιν·
960 4310 992 4383 οὗ
1016 4311 1076 4410 γδρ
1097 4318 1186 4409 γελᾷ.
1218 4304 1270 4384 καί
1283 4325 1321 4389 35

249 4476 294 4538 17.
315 4457 406 4542 ταύτὰ]
420 4461 468 4520 ταῦ
831 4477 878 4539 35.
901 4457 1035 4542 *δηγμοῆ
1050 4464 1149 4536 δηχμοΰ

166 4595 237 4644 νον..
252 4594 290 4643 11.
684 4594 703 4637 ο
1064 4562 1067 4569 “
