2954 4936
145 218 210 282 366

238 388 287 432 10.
313 368 350 433 ὥς
363 364 386 428 δ’
401 366 449 428 ὅτε
461 361 569 440 ποιμήν
583 361 649 442 ῥεῖα
664 357 747 438 φέρει

341 470 434 532 πόκον
449 467 573 546 άρσενος
589 464 650 528 οἰός

239 595 288 660 13.
313 573 396 656 εἶχον
414 568 577 649 ἐπημοιβοί

239 698 288 762 19.
313 678 343 740 εῖι
359 677 473 755 διαβὰς,
490 673 538 736 ἵνα
556 669 597 749 μή
618 669 749 750 ἀφαυρό-

594 197 766 268 ικικκος
797 206 836 265 N.
868 200 954 279 (13)

992 374 1077 432 τερον
1091 348 1185 426 βέλος
1201 347 1245 421 εἰη

886 476 938 542 23.
961 460 1033 521 λᾶος
1048 451 1105 517 ὑπὸ
1119 453 1205 532 ῥιπῆς

796 581 871 648 434.
913 561 941 622 8.
965 557 1087 636 ποιητὰς
1102 554 1245 635 ἐσέχυντο
1261 549 1357 612 πύλας

889 683 938 727 11.
958 663 1067 741 ὅμαδος
1082 657 1109 722 δ’
1126 657 1270 719 ἀλίαστος

591 1110 875 1181 VOLUMEN
912 1110 959 1173 11.

369 1331 407 1389 N.
454 1321 540 1403 (13)

178 1507 207 1552 1.
231 1485 261 1548 6.
287 1482 360 1547 Ζεὺς
384 1478 407 1543 δ’
432 1474 496 1540 ἐπεὶ
519 1473 569 1537 οὖν
594 1467 697 1550 Τρῶάς
721 1490 754 1527 τε

317 1586 365 1649 καὶ
374 1582 507 1661 Ἕκτορα

221 1709 273 1757 21.
296 1687 387 1752 πάλιν
401 1685 507 1766 τρέπεν
525 1682 600 1742 ὄσσε
615 1673 726 1758 φαεινά

178 1816 208 1881 3.
244 1811 274 1858 2.
296 1794 377 1872 ὑψοῦ
392 1791 437 1851 ἐπ’
453 1781 612 1864 ἀκροτάτης
629 1780 756 1858 κορυφῆς

226 1916 275 1959 10.
300 1892 361 1957 ἔνθ’
376 1890 420 1972 ἄρ’
437 1887 481 1971 ὅγ’
501 1890 532 1965 ἔξ
555 1886 627 1949 ἁλός

179 2020 210 2080 4.
228 2083 231 2086 ¹
249 2019 276 2062 1.
301 1997 446 2060 πάντοθεν
465 1995 496 2054 ἐκ
514 1992 646 2066 κευθμῶν

246 2123 276 2187 9.
298 2099 446 2183 γηθοσύνη
463 2097 494 2158 δὲ
514 2093 655 2156 θάλασσα

180 2205 277 2287 5.18.
301 2203 456 2282 εἰσάμενος
472 2197 625 2277 Κάλχαντι

227 2324 278 2390 27.
301 2304 319 2393 ᾖ
335 2303 365 2388 ῥ’
381 2302 423 2366 ὅδ’
442 2300 631 2374 δλυσσιύδης

226 2431 278 2498 32.
301 2415 370 2492 γυῖα
386 2405 410 2470 δ’
428 2407 531 2483 έθηκεν
547 2400 665 2481 ἐλαφρά

184 2517 214 2580 6.
252 2535 279 2578 1.
302 2509 478 2592 περιμήκεος
494 2506 590 2588 ἀρθείς

249 2622 279 2681 6.
304 2614 418 2700 ὁρμήσῃ
433 2612 547 2676 πεδίοιο

229 2736 281 2804 27.
305 2720 391 2795 Αἶαν,
409 2717 475 2780 ἐπεί
491 2739 534 2779 τις
552 2717 603 2776 νῶϊ
619 2713 692 2774 θεῶν

186 2827 215 2891 8.
254 2846 280 2889 1.
304 2821 465 2906 φυζακινῇς
481 2816 640 2896 ἐλάφοισιν

251 2949 281 3013 3.
305 2929 388 2989 θώων
406 2922 578 3002 παρδαλίων
594 2943 626 2980 τε

232 3051 283 3097 20.
306 3031 404 3092 λύκων
419 3031 444 3088 τ’
459 3025 510 3105 ήῖα
525 3023 667 3086 πέλονται

188 3156 219 3221 9.
252 3154 284 3212 4.
309 3137 361 3195 νῦν
377 3129 402 3193 δ’
420 3129 523 3190 ἕκαθεν
538 3125 644 3187 πόλιος

236 3255 285 3301 12.
309 3233 377 3297 ἀλλ’
394 3231 547 3319 ἀκεώμεθα
565 3231 679 3290 θᾶσσον

170 3362 219 3407 10.
236 3351 285 3422 15.
310 3339 348 3403 ὡς
357 3333 476 3414 Ἕκτωρ
492 3333 558 3398 εἵως
572 3330 626 3409 μέν

236 3463 285 3528 19.
309 3441 466 3505 νύσσοντες
504 3436 624 3521 ξίφεσίν
653 3457 684 3494 τε
719 3431 766 3494 καὶ

333 3543 455 3626 ἔγχεσιν
477 3539 683 3620 άμφιγυίοισιν
707 3534 767 3612 (sie

329 3645 364 3710 in
378 3646 526 3709 lemmate
542 3646 575 3704 et
588 3640 622 3702 in
637 3637 766 3716 scholio)

236 3773 287 3839 23.
311 3749 395 3814 θισαν
410 3746 468 3812 ἀπὸ
483 3744 606 3826 σφείων,
620 3744 679 3805 ὁδέ
690 3767 767 3824 χασ-

334 3852 461 3933 σάμενος
478 3848 638 3929 πελεμίχθη

177 3985 225 4029 11.
260 3973 291 4042 5.
315 3962 411 4036 κοῦφα
426 3952 499 4016 ποσὶ
513 3948 664 4030 προβιβάς

242 4066 291 4130 18.
315 4066 377 4126 ναῖε
393 4063 424 4121 δὲ
441 4054 575 4134 Πήδαιον
671 4048 674 4053 ’

240 4170 291 4238 26.
315 4163 381 4230 ἀλλ’
399 4163 432 4226 ού
446 4185 486 4240 πη
501 4160 591 4242 χροός

179 4293 293 4344 1211.
312 4267 448 4346 Ἴμβριον
464 4260 525 4326 αὖτ’
538 4264 645 4325 Αἴαντε

244 4389 293 4459 17.
315 4371 388 4452 ήλθε
404 4366 463 4432 κατ’
481 4366 582 4447 ἰγνύην

245 4499 294 4548 21.
318 4475 496 4540 Αἰτωλοῖσιν
512 4469 624 4532 ἄνασσε

807 1295 856 1361 13.
892 1294 921 1341 2.
945 1273 1075 1354 ὀτρύνεις
1093 1273 1126 1335 δὲ
1142 1270 1191 1334 καί
1205 1270 1301 1334 ἄλλον

892 1399 923 1463 9.
947 1378 1086 1442 σπεύδειν
1101 1377 1134 1438 αῖ
1148 1373 1174 1437 κ’
1189 1374 1306 1455 ὄφελός
1321 1396 1347 1434 τι

873 1501 923 1548 12.
947 1478 1100 1561 συμφερτὴ
1116 1475 1140 1540 δ’
1154 1475 1242 1558 ἀρετή
1256 1474 1343 1538 πέλει

702 1583 705 1587 ’
808 1602 858 1667 14.
896 1605 923 1648 1.
946 1585 982 1647 τό
996 1608 1030 1647 νυ
1045 1583 1103 1664 γὰρ
1118 1580 1299 1659 κατεάξαμεν
1314 1577 1410 1657 δπρίν

980 1686 1108 1769 ἔχεσκον

875 1795 925 1857 16.
950 1795 976 1855 εἰ
996 1793 1054 1873 γὰρ
1077 1794 1129 1854 νῦν
1146 1789 1227 1869 παρὰ
1246 1785 1337 1864 νηυσὶ
1358 1791 1409 1847 λε-

980 1895 1106 1977 γοίμεθα
1121 1892 1228 1957 πάντες
1243 1890 1359 1971 άριστοι

874 2017 926 2065 21.
949 1994 1043 2061 ἔνθ’ίί
1064 2021 1096 2060 τε
1115 1993 1213 2058 δειλὸς
1236 1991 1309 2072 ἀνὴρ
1329 1991 1362 2055 ὅς
1383 1986 1408 2050 τ’

982 2101 1105 2179 ἄλκιμος

876 2224 929 2290 30.
953 2205 1034 2283 εἰπερ
1049 2201 1106 2284 γάρ
1122 2227 1154 2264 κε
1169 2204 1259 2280 βλεῖο

814 2324 863 2393 15.
899 2308 929 2371 8.
952 2314 991 2392 τῷ
1007 2309 1038 2369 δὲ
1054 2307 1152 2388 φόβος
1167 2303 1258 2384 φίλος
1272 2303 1336 2366 υἱός

880 2431 929 2475 11.
952 2411 993 2473 τὼ
1008 2411 1062 2488 μὲν
1077 2407 1120 2490 ἄρ’
1135 2409 1167 2470 έκ
1184 2403 1304 2488 Θρήκης

880 2514 930 2578 18.
953 2514 986 2592 ἠὲ
1015 2514 1090 2592 μετὰ
1116 2512 1255 2592 Φλεγύας
1280 2504 1412 2589 μεγαλή-

985 2640 1072 2697 τορας

817 2724 866 2786 16.
902 2736 932 2803 7.
955 2721 986 2782 οἵ
997 2743 1048 2799 μιν
1063 2718 1148 2796 άιδην
1163 2715 1232 2798 (sic)
1247 2715 1360 2778 ἐλόωσι

882 2824 932 2888 18.
956 2824 1027 2888 αἰπύ
1041 2823 1070 2886 οῖ
1086 2824 1218 2885 ἐσσεῖται

881 2947 932 2996 22.
955 2933 1024 2992 νῶϊν
1039 2924 1062 2990 δ’
1075 2925 1119 2989 ὅδ’
1133 2922 1179 2988 ἔπ’
1191 2921 1319 3003 άριστερ’

882 3051 934 3111 24.
958 3034 1071 3110 εἴδομεν
1086 3029 1121 3106 ήέ
1138 3052 1178 3110 τῳ
1191 3027 1278 3108 εὖχος

819 3151 868 3218 17.
907 3156 934 3200 1.
958 3135 989 3200 δς
1001 3136 1066 3198 τότε
1079 3131 1236 3214 γηθήσειεν
1247 3129 1316 3192 ἰδὼν
1325 3129 1416 3192 πόνον

903 3262 935 3320 4.
959 3236 1100 3320 άνδράσιν
1123 3234 1253 3315 ήράεσσι
1277 3233 1415 3314 τετεύχα-

989 3367 1041 3406 τον

886 3465 934 3510 11.
958 3447 1039 3509 άλλίι
1055 3443 1147 3505 Θέτιν
1163 3441 1280 3503 κύδαινε

886 3569 935 3628 14.
958 3547 1052 3628 λάθρη
1067 3543 1248 3622 ύπεξαναδύς

885 3671 925 3719 22
941 3656 974 3714 et
989 3663 1041 3731 27.
1064 3649 1110 3712 τοὶ
1125 3645 1151 3710 δ’
1162 3647 1256 3722 ἔριδος
1272 3646 1411 3724 κρατερῆς

823 3758 871 3820 18.
905 3775 936 3834 4.
959 3759 1061 3835 πεῖραρ
1077 3750 1300 3826 ἀπαλλάξαντες

886 3876 934 3935 14.
957 3856 1055 3936 πέφνε
1069 3857 1125 3935 γὰρ
1135 3850 1301 3932 Ὀθρυονῆα

890 3973 939 4040 17.
961 3958 1026 4038 ἤτοι
1048 3956 1081 4020 δὲ
1102 3954 1248 4036 Πριάμοιο
1271 3957 1420 4036 θυγατρῶν

995 4061 1073 4127 εἶδος
1089 4061 1211 4140 άρίστην

889 4180 940 4249 25.
964 4164 1010 4227 καὶ
1024 4161 1124 4243 βάλεν
1137 4163 1194 4242 ύφι
1209 4159 1343 4240 βιβάντα

826 4291 875 4355 19.
913 4289 940 4334 1.
963 4265 1090 4350 χάλκεος
1105 4265 1139 4329 δν
1154 4264 1301 4346 φορέεσκε

911 4394 941 4458 3.
964 4371 1125 4450 Ὀθρυονεῦ
1146 4367 1212 4448 περὶ
1235 4366 1271 4445 δή
1290 4393 1326 4430 σε
1348 4373 1422 4447 βρο-

997 4479 1054 4537 τῶν
1069 4473 1192 4552 αἰνίζομ’
1206 4471 1344 4536 ἁπάντων
