2954 4936
522 247 693 309 1111102
722 242 761 309 ι.
792 244 877 328 (11)
1260 244 1325 308 163

165 410 214 477 17.
239 398 333 462 ἔλσαν
351 396 377 461 δ’
394 403 426 463 ἓν
443 401 586 480 μέσσοισι
726 417 800 483 399.
839 419 866 463 1.
891 399 994 478 δεξιὸν,
1012 398 1143 478 ἐκλάσθη
1159 402 1190 462 δὲ
1206 403 1294 479 δόναξ

163 512 215 580 25.
240 501 366 565 οὔτασεν
381 501 460 582 ὦμον
479 506 604 586 ύπερθεν
624 506 674 567 ε’π-
815 521 865 586 13.
889 503 928 569 ὣς
942 505 971 568 οἱ
984 505 1040 583 μὲν
1053 502 1200 582 μάρναντο
1217 502 1306 582 δέμας

270 603 397 684 άλμενος
516 664 519 668 ,
814 605 864 669 18.
889 606 1004 685 ἑστήκει
1019 609 1075 688 γὰρ
1090 607 1136 670 ἐπὶ
1153 607 1266 692 πρύμνῃ

162 724 214 790 32.
239 707 328 788 αὐτὰρ
355 707 457 772 ἔπειτα
487 712 597 773 Θόωνα
628 712 675 774 καὶ
815 729 864 794 19.
889 711 1031 790 εἰσορόων
1046 712 1137 774 πόνον
1153 711 1241 774 αἰπὺν
1253 709 1324 773 ἰῶκά

265 807 415 890 Ἔννομον
916 837 950 877 τε

71 929 148 995 392.
185 926 214 992 7.
238 913 317 993 δουρὶ
334 916 406 976 κατὰ
421 916 585 995 πρότμησιν
811 931 863 998 23.
886 914 1009 994 ἔκμολεν

164 1033 213 1081 12.
238 1013 406 1081 ὦὈδυσεΰ
423 1021 564 1083 πολύαινε
623 1067 624 1070 ¹
813 1017 863 1081 26.
886 1019 970 1082 τίπτε
984 1045 1021 1096 με
1036 1017 1203 1096 κικλήσκεις

163 1130 213 1198 15.
237 1118 333 1182 τοιόνδ’
348 1120 434 1198 ἄνδρε
725 1137 799 1196 400.
834 1140 864 1204 3.
888 1121 988 1184 θντινα
1002 1127 1106 1184 τοῦτον

162 1239 214 1285 20.
238 1219 333 1284 πάντα
351 1220 377 1284 δ’
393 1222 451 1286 ἀπὸ
466 1230 602 1303 πλευρῶν
835 1238 864 1303 7.
888 1221 923 1301 ἐξ
940 1224 1044 1305 ὀχέων,
1062 1224 1106 1287 ταὶ
1120 1223 1146 1285 δ’
1168 1226 1236 1304 ἱδρῶ
1252 1225 1323 1287 άπε-

73 1343 149 1408 393·
184 1343 215 1402 ι.
238 1323 353 1403 ...aa
369 1326 403 1404 δή
422 1353 459 1389 σε
918 1327 1054 1407 νύκοντο

162 1445 214 1512 23.
238 1431 299 1509 φθῆ
316 1454 352 1492 σε
367 1429 453 1496 τέλος
814 1427 863 1490 16.
886 1427 1027 1510 χάλκειον
1060 1429 1176 1506 κάνεον,
1206 1430 1253 1494 ἐπὶ
1291 1433 1323 1492 δὲ

73 1549 149 1614 394.
185 1529 214 1593 8.
238 1530 328 1612 αὐτὰρ
344 1533 412 1594 ἐπεί
425 1559 457 1596 κε
476 1533 554 1619 θάνω
919 1533 1044 1610 κρόμυον
1058 1534 1138 1616 πότῳ
1156 1535 1237 1614 ὄψον
1265 1540 1273 1548 ’

164 1652 213 1696 10.
237 1633 275 1699 ὣς
290 1634 380 1697 εἰπὼν
392 1636 504 1698 Σάκαια
517 1635 674 1719 δαΐφρονος
812 1652 862 1700 21.
886 1635 938 1713 ἠδὲ
952 1635 1021 1715 μέλι
1035 1638 1153 1719 χλωρόν

162 1755 213 1822 23.
238 1739 407 1817 κεκλόμενοι
423 1739 487 1803 καθ’
503 1742 609 1821 ὅμιλον
811 1757 863 1823 23.
888 1741 965 1819 ἱεροῦ
979 1761 1040 1804 0111.

162 1841 213 1906 26.
237 1842 287 1904 αὖε
302 1839 326 1905 δ’
345 1844 474 1924 έτοίρους
811 1858 860 1922 27.
885 1845 944 1922 τδρ
959 1843 992 1907 δέ
1007 1843 1096 1910 δέπας

73 1957 214 2029 39514.
239 1947 350 2023 σίντην·
376 1951 447 2014 θῶες
462 1947 515 2026 μέν
532 1973 566 2011 τε
723 1963 797 2023 401.
834 1943 863 2010 8.
886 1949 1023 2029 χρύσειαι
1040 1947 1195 2027 νεμέθοντο

164 2048 213 2113 18.
237 2047 351 2114 ἀΐσσων
366 2046 389 2134 ᾧ
405 2051 488 2134 έγχεῖ
652 2036 653 2039 ¹
810 2066 861 2126 24.
885 2049 978 2116 ἄλλος
993 2051 1048 2129 μὲν
1066 2050 1182 2132 μογέων
1228 2114 1241 2142 ι

162 2164 213 2233 25.
238 2154 403 2234 Πριαμίδην
417 2156 506 2217 νόθον
722 2169 797 2228 402.
832 2150 861 2215 8.
885 2153 952 2216 ἐπεί
966 2151 996 2232 ῥ’
1012 2153 1149 2216 ὥπλισσε
1166 2158 1267 2216 κυκειῶ

66 2301 68 2306 -
161 2274 212 2339 30.
236 2254 358 2334 πλήθων
372 2256 503 2336 ποταμὸς
517 2258 651 2321 πεδίονδε
812 2273 861 2338 13.
884 2252 975 2318 πάλιν
990 2255 1118 2336 ἄγγελος

72 2357 149 2444 396.
186 2379 214 2424 1.
237 2363 351 2428 πολλὰς
366 2363 398 2424 δὲ
414 2366 482 2442 δρῦς
497 2361 622 2437 ἀζαλέας
812 2356 861 2420 16.
884 2356 1321 2438 θσσοιδὴβέλεσινβεβλήαται
1352 2387 1356 2396 ·

164 2474 213 2544 15.
231 2461 347 2544 Ἕκτωρ
376 2466 433 2543 μὲν
466 2465 540 2544 μετὰ
576 2469 673 2529 τοῖσιν
811 2459 860 2522 18·
884 2460 952 2524 οὒδέ
965 2487 993 2524 τι
1008 2461 1069 2525 οἶδε

269 2568 367 2645 ὁμίλει
810 2581 861 2629 22.
884 2566 917 2628 ἒν
931 2565 1034 2644 νηυσὶν
1049 2564 1148 2629 κέαται

164 2683 213 2751 17.
236 2670 308 2736 νέῶν
354 2670 484 2754 (duplici
530 2673 672 2754 accentu)
721 2685 795 2752 403.
812 2666 861 2729 18.
884 2668 970 2731 αύτοί
981 2694 1013 2732 τε
1029 2668 1199 2747 κτεινώμεθ’

269 2773 399 2850 όλάποζε
414 2773 575 2857 φάλαγγος
809 2789 860 2837 20.
883 2772 960 2852 ἀμφὶ
974 2773 1127 2851 βοηλασίη

46 2928 50 2934 -
162 2895 213 2943 22.
237 2882 351 2943 παῦσεν
365 2879 556 2959 ἀριστεύοντα
721 2886 861 2956 40415.
884 2875 1202 2958 ἑννύχιοιπροτὶάστυ

160 2999 213 3065 32.
231 2979 341 3063 Ἕκτορ
357 2987 408 3046 νῶϊ
425 2981 480 3061 μὲν
496 2981 591 3047 ἐνθάδ’
608 2985 671 3062 ὁμι-
810 2993 861 3064 25.
884 2977 951 3044 τοὺς
967 2977 1035 3057 έμεν
1049 2978 1110 3042 οἶσι
1131 2978 1224 3062 χρέως
1239 2980 1321 3060 ὀφεί-

268 3086 374 3164 λέομεν
916 3081 980 3146 λετ’

161 3201 213 3272 35.
238 3194 312 3252 κεῖα)
328 3191 433 3253 ἵππους
448 3215 480 3252 τε
496 3189 543 3252 καὶ
558 3187 623 3269 ἅρμ’
722 3199 796 3269 405.
831 3206 861 3269 9.
885 3186 1043 3267 δαίτρευον,
1089 3185 1215 3250 πολέσιν
1265 3188 1321 3267 γὰρ

73 3307 149 3375 397.
183 3305 214 3372 5.
237 3291 359 3373 μάστιγι
374 3293 480 3378 λιγυρῇ
915 3287 1030 3352 Ἐπειοὶ
1044 3295 1142 3371 χρεῖος
1154 3289 1279 3370 ὄφειλον

185 3393 215 3458 8.
239 3396 274 3463 δς
288 3393 332 3474 ἄρ’
348 3394 400 3475 ἀφ’
417 3396 542 3458 ἱππείων
554 3395 673 3459 ὁπλέων
692 3472 700 3483 .
812 3394 861 3457 16.
885 3395 980 3456 έλθδν
994 3390 1050 3473 γάρ
1064 3391 1095 3473 ῥ’
1112 3392 1244 3456 ἐκάκωσε

164 3517 214 3576 14.
238 3499 339 3577 δουρός
351 3518 412 3561 om.
810 3515 861 3580 30.
885 3497 996 3558 δώδεκα
1014 3499 1071 3576 γὰρ
1086 3499 1208 3573 Νηλῆος

146 3601 213 3665 «16.
235 3602 361 3680 μίνυνθα
376 3601 409 3664 δέ
722 3598 797 3676 406.
835 3617 862 3661 1.
885 3595 967 3660 τοῦθ’
982 3597 1235 3678 ὑπερηφανέοντες
1251 3596 1322 3661 Ἐπ-

160 3721 212 3769 21.
235 3707 290 3782 στῆ
318 3706 350 3765 δέ
374 3706 486 3784 ταφὼν,
512 3706 614 3770 ὄπιθεν
640 3707 672 3769 δὲ
918 3701 976 3764 ειαί

268 3808 358 3872 σάκος
757 3836 760 3843 ·
813 3825 861 3889 13.
885 3804 1002 3885 καὶγὰρ
1017 3810 1057 3888 τῷ
1072 3809 1170 3885 χρεῖος

162 3923 213 3992 25.
237 3914 275 3978 ὣς
290 3911 316 3974 δ’
332 3915 442 3976 αἴθωνα
457 3914 563 3976 λέοντα
811 3920 860 3988 25.
885 3908 1043 3988 δαιτρεύειν
1056 3904 1096 3986 μή
1118 3908 1161 3972 τίς
1183 3910 1211 3970 οἱ
1233 3908 1321 3987 ιἰτεμ-

72 4013 148 4100 398.
184 4033 214 4081 2.
238 4017 304 4080 ὁδέ
319 4021 422 4097 κρειῶν
440 4016 577 4095 ἐρατίζων
916 4011 1045 4088 βόμενος

146 4101 214 4182 ι10.
237 4119 340 4198 νωθὴς,
357 4116 379 4203 ᾧ
396 4116 431 4198 δή
809 4133 861 4199 30.
884 4111 924 4194 μή
963 4113 1008 4180 τίς
1051 4115 1081 4176 οἱ
1121 4113 1323 4193 ἀτεμβόμενος

164 4241 213 4300 14.
238 4223 352 4308 σπουδῇ
368 4220 394 4284 δ’
410 4220 584 4301 ἐξήλασσαν
917 4217 975 4280 κίοι
994 4218 1062 4294 ίσης

163 4339 213 4407 17.
235 4326 344 4407 Τρύων
360 4323 533 4405 ἱπποδάμων
722 4332 862 4401 407.12.
884 4320 1039 4398 παυσυδίη·
1085 4318 1158 4397 μετὰ
1196 4319 1230 4382 δέ
1264 4327 1322 4399 σφι

162 4445 213 4494 20.
237 4428 318 4491 ἄλλα
332 4429 387 4507 μὲν
402 4430 435 4493 ἓν
450 4427 538 4491 σάκεϊ
917 4422 1053 4486 Μολίονε

163 4545 215 4605 24.
239 4529 271 4592 ἐν
289 4529 359 4612 γαίῃ
374 4529 495 4591 ἵσταντο
812 4545 862 4605 14.
886 4526 950 4590 ἔστι
965 4525 998 4590 δέ
1012 4551 1056 4592 τις
1072 4526 1233 4607 Θρυόεσσα
