2954 4936
133 218 199 278 300
547 219 718 276 ικικΔοΣ
751 221 786 275 Α.
818 215 881 293 (1)

176 389 230 452 51.
254 367 385 456 αὐτοῖσι]
402 376 464 432 τοῖς
475 367 610 444 Ἕλλησι

180 475 339 553 ἐχεπευκὲς
354 467 464 558 ἐφιείς]
480 469 587 550 πικρὸν
601 470 773 547 ἐπιπέμπων

177 593 231 658 52.
254 573 362 662 βάλλ’]
381 578 538 654 ἐτίτρωσκε

176 697 228 765 53.
254 678 344 767 κῆλα]
364 686 416 742 νῦν
430 682 467 741 τὰ
481 679 570 756 βέλη.
587 678 633 740 διὸ
652 679 700 739 καὶ
714 676 749 739 τὸ
764 683 900 755 σημεῖον.
948 678 1001 742 Sic
1015 679 1139 742 correxi
1153 678 1241 762 quod
1258 677 1291 740 in

132 785 164 847 Α
178 789 227 847 est
242 784 276 863 ό]
295 785 342 846 καὶ
357 788 455 861 σημεῖ,
471 781 505 842 in
521 780 569 844 ed.
588 781 731 843 Romana
746 780 795 843 ὁτὲ
811 783 844 843 δὲ
859 788 978 858 σημεῖα.
1015 781 1139 845 Similis
1152 789 1291 846 annotar-
1306 793 1322 853 5

133 887 178 950 tio
194 893 243 949 est
257 887 297 948 ad
311 887 450 964 ἁζόμενοι
465 907 495 946 v.
514 904 565 947 21.
582 886 750 947 δασύνεται·
775 886 823 946 διὰ
838 884 872 946 τὸ
887 910 938 959 ση.
954 886 1038 967 quod
1054 884 1101 949 διδ
1114 887 1150 948 τὸ
1167 893 1293 965 σημεῖον

132 990 244 1072 scripsi
259 996 292 1053 et
306 989 389 1052 inber
404 987 521 1052 scholia
533 986 633 1070 recepi
649 1009 680 1069 p.
697 987 728 1064 8,
749 988 800 1052 26.
846 985 1046 1050 Probabilius
1061 995 1171 1054 tamen
1183 989 1230 1053 διδ
1245 992 1292 1053 καὶ

132 1094 167 1156 τὸ
183 1101 317 1173 σημεῖον,
333 1099 371 1154 ut
386 1092 420 1153 in
435 1090 552 1154 scholio
567 1089 607 1152 ad
628 1090 673 1167 18,
689 1091 751 1153 681
770 1089 832 1153 vol.
851 1109 869 1154 2
885 1113 917 1173 p.
938 1107 1008 1173 145,
1028 1111 1055 1154 1.

176 1213 228 1280 54.
252 1193 425 1283 τῇδεκότη]
445 1197 542 1258 λείπει
556 1195 649 1277 ἡμέρη

176 1301 229 1384 56.
254 1297 373 1386 κήδετο]
392 1299 545 1378 ἐφρόντιζε

176 1421 229 1488 59.
255 1401 348 1491 ἄμμε]
364 1405 507 1466 Αίσλικόν

175 1503 491 1594 παλιμπλαγχθέντας]
509 1509 552 1571 είς
567 1507 698 1568 τούπίσω
714 1506 917 1584 πλανηθέντας

180 1608 249 1698 ὀίω]
266 1608 468 1688 ὑπολαμβάνω
484 1607 596 1693 (ὑπολ“)
614 1609 656 1691 Α)

176 1714 230 1775 61.
253 1717 279 1777 εἰ
291 1711 341 1800 δὴ]
359 1713 425 1776 ἀντὶ
439 1719 491 1775 τοῦ
508 1713 555 1775 καὶ
569 1712 626 1794 γόρ

176 1818 229 1883 62.
253 1817 271 1894 ἦ
288 1814 384 1904 ἱερῆα]
401 1815 419 1893 ἢ
436 1818 525 1894 θότηυ
721 1870 724 1881 .
1305 1829 1333 1888 15

177 1921 230 2005 63.
254 1919 280 1982 τ’
305 1916 393 2007 ὄναρ]
422 1919 584 2000 συναλιφή.
630 1920 787 1983 Constans
813 1920 889 1983 haec
914 1925 965 1983 esi
986 1921 1020 1982 in
1042 1921 1102 1984 hoc
1129 1920 1236 1984 codiee
1258 1926 1290 1984 et

134 2023 281 2108 frequens
303 2025 337 2086 in
360 2024 431 2086 aliis
452 2022 614 2105 scriptura,
631 2047 726 2108 quam
748 2024 867 2088 diserte
888 2031 1027 2087 testatur
1048 2025 1242 2087 Eustathius
1257 2048 1287 2108 p.

138 2129 215 2210 1561
246 2128 316 2191 init.
340 2134 372 2190 et
402 2126 605 2210 relinquenda
634 2127 766 2191 fortasse
795 2128 1014 2212 grammaticis
1040 2128 1289 2192 recentioribus:

134 2255 164 2296 v.
180 2232 273 2295 Thes.
289 2231 350 2294 vol.
368 2247 385 2311 7
402 2252 434 2312 p.
455 2249 547 2293 1201.

178 2337 230 2413 64.
255 2331 407 2422 ἐχώσατο]
425 2335 557 2415 ὠργίσθη
1304 2355 1334 2396 20

179 2441 230 2522 65.
254 2433 464 2524 ἐπιμέμφεται]
482 2440 612 2516 ἐπιζητεῖ

177 2543 231 2604 66.
254 2538 394 2628 τελείων]
411 2540 625 2620 λελωβημένον
639 2544 695 2622 γὰρ
711 2543 745 2605 οὐ
761 2543 861 2605 θόετιιι

178 2646 230 2726 67.
254 2640 413 2732 ἀντιάσας]
431 2643 612 2722 ἀπαντήσας,
627 2647 790 2728 μετασχών

178 2750 229 2832 69.
254 2743 452 2834 Θεστορίδης]
471 2749 694 2829 πατρωνυμικόν

178 2848 384 2938 οἰωνοπόλων]
401 2853 608 2928 όρυεοσκόπωυ

177 2951 255 3035 ἔξοχ’
272 2950 408 3040 ἄριστος]
426 2951 539 3035 ἐξόχως
553 2955 674 3033 ἄριστος

179 3073 230 3135 70.
255 3053 329 3117 τότ’
347 3051 448 3143 ἐόντα]
466 3059 502 3118 τὰ
518 3058 665 3120 ἐνεστῶτα

177 3158 214 3219 τό
229 3155 256 3218 τ’
273 3155 438 3245 ἐσσόμενα]
455 3163 493 3222 τὰ
507 3161 695 3240 γενησόμενα

176 3263 235 3339 πρό
249 3259 276 3322 τ’
292 3258 394 3348 ἐόντα]
411 3265 447 3324 τὰ
461 3264 666 3343 προγεγονότα

179 3377 230 3444 71.
257 3363 357 3442 νήεσσ’
373 3362 523 3452 ἡγήσατο]
540 3371 615 3428 υεῶυ
628 3366 747 3446 ἡγεμὼν
761 3365 881 3447 ἐγένετο

177 3462 265 3554 εἵσω]
284 3468 346 3530 ἀντὶ
360 3471 410 3546 τῆς
425 3470 467 3534 εἰς
481 3468 652 3548 προθέσεως
667 3455 738 3550 (πρό
751 3469 795 3551 Α)

179 3584 230 3651 72.
253 3566 305 3657 ἢν]
324 3572 401 3634 ἰδίαν

177 3690 194 3756 7
199 3691 229 3753 3.
252 3669 419 3760 μετέειπεν]
437 3676 468 3737 ἐν
484 3673 582 3739 αὐτοῖς
598 3672 681 3737 εἶπεν

177 3789 228 3858 75.
253 3772 484 3863 ἑκατηβελέταο]
501 3776 623 3855 τοξότου

55 3962 59 3967 ¹
177 3879 227 3959 76.
251 3873 343 3966 έγιδυ]
361 3881 463 3944 Αἰολίς
593 3876 740 3968 ὄμοσσον]
758 3885 899 3947 Αίολικόν

177 3995 228 4063 77.
251 3979 353 4070 ἦμέυ]
371 3981 487 4062 ὁρκικὸν
501 3985 643 4064 ἐπίρρημα
730 3985 888 4075 πρόφρων]
905 3989 1062 4068 προθύμως
1142 4041 1146 4047 .

177 4096 227 4167 79.
250 4081 294 4173 οἱ]
313 4086 390 4170 αὐτῷ
522 4086 572 4150 82.
596 4083 699 4173 κότον]
716 4086 808 4169 ὀργήν

177 4185 195 4248 8
197 4205 228 4272 5.
253 4191 271 4252 ό
285 4216 313 4252 τι
328 4185 432 4275 οἶσθα]
449 4190 523 4268 ὅπερ
538 4191 698 4252 ἐπίστασαι

177 4288 229 4357 86.
252 4292 286 4356 οὗ
300 4296 342 4372 μδ
357 4287 429 4379 γὰρ]
446 4294 552 4371 ὄμνυμι
565 4291 623 4374 γόρ
638 4318 688 4356 σοι

176 4387 232 4474 ᾧτε
247 4396 294 4473 σὺ,
312 4391 455 4480 Κόλχον]
472 4392 552 4478 ᾧτινι
567 4395 616 4472 σὺ,
632 4394 655 4458 ὦ
673 4395 801 4479 Κόλχαυ

177 4492 228 4561 88.
253 4493 456 4583 δερκομένοιο]
474 4500 598 4578 ὁρῶντος
613 4498 630 4578 ἢ
647 4499 793 4580 ὁρωμένου
