2954 4936
131 230 195 293 316
492 233 663 293 ικικοος
695 233 794 303 116.
825 228 936 311 (ας)

176 402 252 466 499.
272 380 359 471 γόον]
380 384 444 447 ἀντὶ
459 389 510 446 τοῦ
526 385 627 464 έγόων,
645 381 814 461 συνεστάλη

177 499 252 569 510.
275 485 422 568 ἀγλαΐηφι
437 482 596 573 πεποιθώς]
617 484 682 548 ἀντὶ
696 489 749 548 τοῦ
764 483 911 565 ἀγλαΐηφι
925 485 1090 548 πεποιθότα

179 602 253 671 522.
275 590 339 653 ἐπεὶ
354 589 477 668 άλκιμός
492 583 576 675 ἐσσι]
601 586 671 651 ἀλλ’
687 588 751 652 ἐπεὶ
770 589 893 668 άλκιμός
908 589 987 664 ἐσσι,
1004 587 1079 650 έκδν
1092 589 1204 664 μεθιεῖς

627 857 668 915 Η.
718 853 792 935 (7)

180 1016 231 1087 90.
255 998 291 1063 όν
305 996 369 1062 ποτ’
385 993 592 1085 ἀριστεύοντα]
614 1021 662 1079 γρ.
679 997 726 1061 καὶ
741 997 831 1061 ὅντιν’
846 998 967 1079 άριστον
1324 967 1338 1026 5

182 1116 254 1182 171.
278 1094 449 1188 διαμπερές]
466 1104 519 1162 τοῦ
534 1099 642 1181 κλήρου
657 1102 705 1163 διδ
719 1099 840 1164 πάντων
855 1099 1027 1183 ἐρχομένου,
1041 1101 1106 1164 ἀντὶ
1119 1102 1173 1162 τού
1184 1096 1293 1162 πάντες

179 1204 253 1290 336.
276 1199 419 1291 χεύομεν]
444 1201 607 1282 ποιήσομεν
731 1218 805 1288 337.
826 1199 959 1290 άκριτον]
978 1202 1073 1284 μέγαν

178 1326 254 1386 410.
277 1304 381 1395 πυρός]
406 1305 471 1370 ἀντὶ
485 1312 537 1369 τοῦ
552 1309 624 1387 πυρί
746 1303 956 1394 μειλισσέμεν]
980 1311 1078 1387 τιμᾶν,·
1096 1305 1231 1384 κηδεύειν

180 1430 255 1496 431.
279 1405 452 1497 ἐπενήνεον]
477 1410 662 1489 ἑτεσόρενον

181 1534 255 1599 433.
279 1513 428 1595 ἀμφιλύκη
451 1508 517 1598 νύξ]
542 1513 669 1591 όβαθὺς
684 1514 788 1595 ὄρθρος

182 1636 256 1702 434.
280 1612 390 1703 κριτός]
415 1616 534 1696 ἀριστος
549 1617 759 1697 ἐπιλεγόμενος

181 1736 257 1805 437·
281 1715 379 1806 εἶλαρ]
404 1717 533 1799 masth
549 1720 687 1801 ὀχύρωμα
800 1738 875 1799 444.
897 1714 1036 1804 θηεῦντο]
1059 1718 1226 1798 ἐθαύμαζον
1283 1758 1285 1762 »

1308 1487 1337 1526 10

632 1970 672 2073 ο.
719 1967 793 2048 (8)

184 2129 235 2177 22.
257 2107 404 2200 μήστωρ’]
428 2110 550 2193 ἐργάτης
565 2117 623 2175 τῶν
639 2114 712 2175 κατὰ
727 2109 779 2190 τήν
794 2109 893 2192 μάχην
908 2110 1003 2192 ἔργων
1018 2111 1159 2190 ἔμπειρος
1285 2156 1288 2160 1
1308 2148 1336 2208 15

184 2228 234 2295 25.
256 2212 337 2303 ῥίον]
361 2216 395 2278 τὸ
411 2214 591 2296 ἀκρωτήριον
605 2219 657 2278 τοῦ
671 2216 757 2297 ὄρους

184 2318 234 2384 26.
257 2315 400 2406 μετήορα]
419 2317 553 2398 μετέωρα
569 2316 618 2399 ἐφ’
633 2321 731 2401 ὕψους

182 2420 278 2485 πάντα
292 2417 424 2510 γένοιτο]
448 2424 485 2484 τὰ
500 2421 532 2484 δέ
546 2420 573 2484 κ’
589 2422 658 2487 αύτε
674 2423 691 2502 ἡ
709 2425 745 2504 γῆ
761 2421 808 2485 καὶ
822 2423 840 2501 ἡ
856 2421 999 2485 θάλασσα
1013 2421 1109 2501 φησίν

183 2540 235 2606 27.
257 2526 327 2604 περί
338 2523 362 2587 τ’
380 2521 456 2612 εἰμί]
477 2523 605 2606 διαφέρω
620 2526 654 2610 τῇ
671 2523 792 2603 δυνάμει

182 2646 235 2712 32.
260 2628 291 2691 εὖ
306 2653 340 2692 νυ
356 2627 402 2691 καὶ
416 2623 514 2714 ἡμεῖς]
539 2632 643 2707 σαφῶς
661 2627 696 2705 δὴ
713 2627 760 2690 καὶ
774 2628 857 2706 ἡμεῖς

183 2751 235 2816 34.
257 2726 353 2818 οἶτον]
372 2733 474 2811 μόρον,
493 2728 621 2793 θάνατον
736 2748 788 2815 39.
813 2724 909 2815 θυμῷ]
932 2729 1007 2814 ἀργῇ

182 2853 234 2912 4ο.
258 2830 421 2920 πρόφρονι]
440 2833 474 2895 τὸ
490 2834 523 2895 ἐκ
541 2830 714 2913 φρονήσεως
730 2834 776 2896 καὶ
792 2834 952 2898 διαθέσεως
1099 2825 1102 2829 ”

183 2937 325 3018 ἐθέλωιδέ
337 2963 383 3000 τοι
397 2937 483 3016 ἤπιος
499 2932 591 3023 εἶναι]
616 2937 799 3018 εἰρωνεύεται
814 2934 903 3014 αὐτήν

183 3061 236 3119 41.
259 3037 424 3128 τιτύσκετο]
451 3041 647 3122 ὑπεζεύγνυεν
661 3040 701 3125 τῷ
718 3040 832 3122 άρματι,
847 3039 986 3119 ἡτοίμαζε

183 3163 236 3222 42.
260 3139 409 3230 ὠκυπέτα]
435 3149 536 3226 ταχεῖς
626 3199 636 3218 ,
667 3139 829 3230 ἐθείρῃσιν]
856 3139 950 3222 θριξίν

184 3257 237 3326 5ο.
261 3248 334 3309 κατὰ
348 3242 389 3333 δ’]
414 3246 480 3327 περὶ
496 3244 521 3310 δ’

185 3361 237 3434 53.
261 3352 380 3413 δεῖπνον
396 3345 518 3436 ἕλοντο]
539 3348 705 3431 ἠρίστησαν

110 3498 113 3502 -
185 3464 237 3534 57.
261 3449 433 3540 πρό-πρό]
454 3452 645 3533 ὑπέρ-ὑπέρ

115 3539 118 3548 ’
186 3555 237 3636 87.
261 3552 435 3643 παρηορίας]
460 3556 499 3621 ὣς
514 3553 693 3636 παρηγορίας

187 3676 259 3739 103.
284 3655 399 3747 ὀπάζει]
424 3659 530 3736 διώκει,
547 3656 770 3737 καταλαμβάνει
1309 3696 1344 3754 30

187 3761 258 3826 108.
281 3758 433 3849 μήστωρε]
458 3761 496 3826 ὡς
512 3761 560 3824 ἐπὶ
575 3766 634 3824 τῶν
649 3761 745 3824 ἵππων

186 3902 259 3962 114.
284 3855 473 3968 Εὐρυμεδων]
491 3881 586 3960 ὄνομα
668 3967 671 3971 ⁷
719 3880 788 3962 164.
813 3880 879 3961 ἔρρε
894 3882 967 3962 κακή
982 3879 1093 3972 γλήνη]
1113 3885 1239 3965 φθείρου
1257 3882 1295 3948 ὡς

81 4044 84 4049 .
107 4007 117 4019 “
143 3987 212 4067 κόρη
228 3987 371 4064 άνανδρος

188 4089 260 4153 166.
283 4084 421 4174 δαίμονα]
438 4087 528 4167 μόρον
661 4105 732 4168 190.
754 4084 872 4174 ήέμοί]
889 4086 965 4169 ήττερ
980 4091 1048 4169 ἐμοί

183 4193 258 4270 428.
283 4186 336 4277 ἐῶ]
354 4188 497 4269 ἐπιτρέπω
627 4209 703 4274 439.
727 4187 828 4277 δίωκε]
844 4190 958 4270 ήλαυνε

185 4314 258 4373 441.
282 4289 367 4380 λῖτα]
385 4293 448 4356 ἀντὶ
463 4299 514 4356 τοῦ
529 4294 614 4357 λιτόν
938 4308 941 4314 “

125 4467 128 4473 .
187 4397 260 4480 558·
284 4393 448 4482 ὑπερτάτη]
464 4395 587 4475 ἡπλύθο

82 4521 91 4543 ··
108 4556 119 4574 ,
187 4501 262 4585 363.
286 4501 366 4563 εἵατο
382 4496 578 4586 πεντήκοντα]
595 4501 727 4584 ὑπῆρχον
743 4499 884 4585 (legebat
898 4501 987 4586 σέλᾶ)
