2954 4936
533 249 704 310 ικικκος
734 251 771 309 κ.
802 243 887 328 (11)

180 398 253 478 568.
276 398 484 485 τρωπάσκετο]
500 399 633 483 ἐτρέπετο

179 504 253 586 569.
275 502 431 588 προέεργε]
449 504 557 586 εἶργεν,
575 491 706 568 ἐκῶλυεν

178 619 254 689 572.
277 598 387 687 ὄρμενα
401 608 541 690 πρόσσω]
557 610 691 689 ὁρμῶντα
706 608 753 672 ἐπὶ
768 607 802 671 τὸ
819 608 988 689 ἔμπροσθεν

181 725 253 797 573.
279 713 432 794 ἐπαυρεῖν]
448 712 626 794 ἐφάψασθαι
762 725 833 793 574.
857 713 941 799 ἀσαι]
960 715 1135 793 κορεσθῆναι

105 822 108 826 ’
143 857 151 879 .
179 815 253 898 580.
277 815 391 900 αίνυτο]
412 817 554 898 ἀφῃρεῖτο
688 814 763 897 582.
788 817 997 897 ἀπαινύμενον]
1016 814 1235 898 ἀφαιρούμενον
1301 831 1318 891 5

118 955 123 963 ·
180 915 253 998 588.
275 918 492 1002 ἐλελιχθέντες]
514 917 745 1000 ἐπιστραφέντες

178 1034 243 1103 590
277 1020 437 1105 δυσηχέος]
452 1020 609 1105 κακοήχου,
624 1027 755 1103 λυπηροῦ

180 1139 253 1208 593.
276 1124 440 1209 κλίναντες]
456 1126 521 1189 ἀντὶ
537 1132 589 1189 τοῦ
609 1125 676 1192 τοὺς
692 1126 789 1204 ὤμους
804 1131 867 1192 ταῖς
884 1125 991 1189 ἀσπίσι
1009 1125 1255 1208 προσερείσαντες

180 1230 253 1310 596.
275 1226 437 1312 μάρναντο]
453 1227 600 1313 ἐμάχοντο
697 1227 770 1311 598
795 1229 928 1314 ἱδρῶσαι]
947 1231 1043 1310 ἱδρῶτι
1058 1229 1287 1310 καταρρεόμεναι

178 1332 252 1393 601.
277 1326 410 1418 ίῶκα]
380 1357 433 1411 την
448 1330 546 1413 φυγήν
637 1328 905 1419 δακρυόεσσαν]
874 1356 929 1412 την
943 1338 1003 1396 τῶν
1017 1337 1140 1395 πολλῶν
1155 1331 1286 1450 δακρύων
1301 1351 1339 1393 10

132 1435 231 1498 αἰτίαν
247 1434 294 1498 καὶ
309 1441 470 1515 συμφορῶν

179 1539 254 1616 604
276 1534 417 1625 ἔκμολεν]
435 1535 560 1616 ἐξῆλθεν
618 1616 621 1621 .

176 1641 252 1705 610.
276 1640 369 1704 ουκέτ’
386 1638 520 1728 ἀνεκτός]
538 1642 602 1705 οἷον
617 1640 810 1723 ἀκαρτέρητος

177 1747 251 1810 611.
274 1741 406 1832 έρειο]ἐ
406 1745 542 1827 ρότησον
670 1745 744 1830 613.
774 1743 861 1828 τόγ’
882 1738 1068 1834 ὅπισθε]τα
1092 1746 1188 1853 ὀπίσω
1209 1743 1284 1827 μέρη

132 1853 184 1912 τοῶ
199 1848 336 1928 σώματος
1301 1863 1337 1923 15

177 1953 251 2036 615.
275 1951 435 2042 παρήϊξαν]
451 1953 663 2035 παρέδραμον
725 1956 803 2021 621.
825 1951 1068 2041 ἀπεψύχοντο]
1052 1979 1090 2019 ως
1105 1960 1157 2018 νῶν
1172 1954 1285 2036 ἔφυγον

176 2059 251 2136 624.
275 2054 393 2144 κυκειῶ]
411 2060 572 2140 πολυμιγές
586 2058 679 2122 ποτόν

175 2161 251 2240 627.
274 2157 463 2248 έξελον]ἐξα
445 2162 560 2241 αίρετου
576 2161 687 2225 ἔδωκαν
817 2157 1044 2247 ἀριστεύεσκεν]
1062 2162 1078 2222 ὁ
1094 2158 1217 2240 Νέστωρ

176 2263 251 2329 628.
274 2264 379 2344 ἐπιπρο
380 2260 527 2351 ίέἠλε]
496 2289 518 2327 π
543 2264 619 2350 αὐτῷ
635 2264 780 2346 παρέθηκε

175 2368 251 2448 629.
275 2363 474 2455 κυανόπεζαν]
490 2369 680 2448 μελανόπουν

175 2469 249 2554 630.
272 2471 352 2555 ποτῷ
369 2467 463 2558 ὄψον]
481 2470 602 2535 ποτικὸν
616 2471 698 2553 όψου

175 2577 251 2658 631.
274 2570 409 2660 χλωρόν]
426 2574 496 2638 νέον
626 2571 770 2662 ἀλφίτου]
787 2573 877 2654 ἄρτου

176 2677 251 2762 635.
274 2673 446 2765 νεμέθοντο]
462 2675 597 2740 τουτέστι
612 2679 720 2752 ζόσαις
739 2677 786 2740 καὶ
804 2677 959 2742 πινούσαις
975 2672 1108 2761 ἐφκεσαν
1125 2677 1155 2738 αἱ
1166 2674 1282 2740 πέλειαι

177 2779 252 2865 636.
275 2777 384 2867 ἄλλος]
400 2781 498 2844 λείπει
514 2779 548 2842 τὸ
564 2780 736 2862 πρεσβύτης

176 2883 251 2968 638.
276 2881 399 2972 κύκησε]
418 2882 541 2964 ἐτάραξε
696 2918 698 2923 v
1300 2894 1338 2955 25

178 2987 253 3072 639.
276 2984 449 3075 Πραμνείῳ]
467 2991 585 3072 παλαιῷ
717 2985 783 3075 κνῆ]
801 2986 910 3051 έκοπτε-

177 3089 251 3169 640.
275 3087 393 3178 κνήστι]
409 3090 554 3175 μαχαιρίῳ
572 3092 721 3177 τυροτόμιρ

177 3190 307 3280 ἄλφιτα]
324 3192 360 3256 τὰ
375 3199 432 3257 τῶν
447 3198 553 3274 κριθῶν
568 3194 679 3276 ἀλευρα

177 3296 251 3378 641.
274 3295 425 3386 ὥπλισσε]
442 3298 585 3378 ἡτοίμασε
715 3298 790 3378 642.
813 3296 1020 3386 πολυκαγκέα]
1038 3298 1214 3380 ξηραντικήν

178 3400 252 3483 647.
275 3398 426 3490 ἀναίνετο]
444 3403 602 3483 ἀπηρνεῖτο
1299 3426 1338 3483 30

178 3504 253 3583 648.
276 3505 332 3588 οὐχ
347 3505 412 3572 έδος
426 3502 508 3592 ἐστί]
524 3505 654 3569 οὐκέστι
670 3503 769 3587 καιρὸς
785 3511 837 3569 νῶν
851 3531 901 3584 μοι
916 3509 969 3568 τοῦ
985 3505 1158 3581 καθέζεσθαι

177 3608 252 3689 649.
276 3606 400 3697 αίδοῐος]
418 3611 517 3676 αἰδοῦς
532 3605 614 3686 ἀξιος
743 3604 919 3696 νεμεσητός]
937 3613 992 3672 νῶν
1008 3609 1183 3688 φιλόψογος
1288 3630 1291 3634 “

178 3711 253 3793 656.
276 3709 471 3800 ὀλοφύρεται]
489 3714 633 3794 οἶκτείρει,
649 3713 731 3778 ἐλεεῖ
860 3712 934 3793 667.
959 3707 1074 3798 ἀέκητι]
1091 3709 1260 3792 ἀβουλησίη

179 3815 253 3881 668.
277 3813 442 3905 ἐπισχερώ]
459 3819 566 3899 ἐφεξῆς
964 3803 967 3810 ’

178 3920 252 4002 672.
276 3920 352 4001 ἀμφὶ
365 3917 532 4008 βοηλασίῃ]
549 3921 615 4000 περὶ
628 3924 712 4000 βοῶν
727 3920 878 4004 ἀπελασίη
1177 3945 1183 3952 ’
1297 3936 1336 3998 35

178 4023 252 4104 674.
274 4025 350 4106 ῥύσι’
366 4020 577 4111 ἐλαυνόμενος]
595 4023 660 4086 ἀντὶ
675 4027 726 4086 τοῦ
742 4020 866 4105 ἐνέχυρα
880 4022 1044 4102 λαμβάνων

178 4127 253 4208 676.
276 4125 467 4216 περίτρεσαν]
481 4127 594 4211 έφυγον
608 4129 636 4192 οἱ
649 4126 714 4210 περὶ
729 4126 818 4191 αὐτὸν
830 4127 885 4209 (sic
895 4127 943 4191 ed.
954 4127 1119 4192 Romana:
1136 4126 1226 4190 αὐτοῦ
1237 4125 1281 4205 Α)

178 4230 253 4312 677.
275 4228 379 4320 ληίδα]
395 4230 515 4313 λάφυρα
644 4228 748 4319 ήλιθα]
765 4229 843 4296 πάνυ

178 4333 253 4401 682.
275 4332 426 4423 Νηλήϊον]
443 4335 496 4414 τῆν
511 4341 563 4399 τοῦ
578 4335 702 4415 Νηλέως

178 4437 252 4524 683.
276 4438 420 4526 ἐννύχιοι]
437 4442 483 4503 διὰ
493 4443 544 4520 τῆς
555 4442 657 4506 νυκτός
724 4438 798 4522 685.
815 4437 980 4529 ἐλίγαινον]
996 4439 1171 4523 ἐκήρυσσον,
1185 4441 1283 4520 ἐβόων
1298 4456 1337 4512 40

178 4541 252 4606 686.
275 4542 342 4610 τοὺς
357 4540 435 4630 ἴμεν]
452 4544 565 4612 τούτοις
579 4549 714 4626 παρεῖναι
729 4547 914 4627 συλλεγῆναι
