2954 4936
419 176 421 179 ⁵
512 229 683 290 1A1AA02
714 226 859 308 1.(17)
1195 223 1258 287 133

158 377 209 449 διδι
235 375 284 450 τδν
301 381 479 473 Πάτροκλον
499 380 617 475 ταχέως
637 376 673 451 διν
690 378 909 475 άπολυτρωθείη
933 378 968 451 τδ
996 389 1084 471 σῶμα
1108 387 1161 452 τοῦ
1177 387 1258 474 Σαρ-

49 542 53 547 ·
107 493 241 583 πηδάνος.
266 505 327 576 πῶς
336 527 350 578 ,·
376 497 485 579 διδάξει
512 496 561 568 διδι
586 506 640 575 τῶν
666 496 884 594 ἐπιφερομένων
908 507 930 538 “
943 493 1022 568 τοίου
1047 497 1106 592 γάρ
1132 498 1259 594 θεράπων

106 610 222 701 πέφατ’
240 609 366 707 οἷνέρος.”
401 613 454 684 οὗκ
478 607 514 683 οἲν
532 610 747 709 έναδιοιφδροῒεν
764 621 803 712 τῇ
827 611 911 708 αι’κίᾳ
934 621 987 685 τοῦ
1005 611 1188 708 Πατράκλου
1210 614 1259 685 διδι

107 724 142 796 τδ
157 724 232 798 εἶναι
251 726 338 799 ον’τδν
358 727 549 825 ὑπερέχοντος
562 729 663 827 οἷνδρδς
676 732 845 824 θεράποντα,
861 729 946 800 άλλδι
960 729 1079 824 ταχέως
1096 725 1130 800 δν
1146 731 1260 801 άπολυ-

107 842 254 940 τράσαιεν
270 844 320 917 τδν
336 845 522 940 Σαρπηδθνα,
541 841 587 917 ίνα
604 843 655 917 καὶ
673 844 757 917 αὐτοὶ
776 845 956 938 κομίσωνται
974 843 1023 918 τδν
1040 849 1227 940 Πάτροκλον.
1273 866 1291 927 5

286 962 394 989 ’vt
577 962 858 989 ›et-5

164 970 236 1034 166.
263 995 315 1034 ουκ
339 961 533 1060 εταλασσας]
554 995 612 1056 ουχ
636 993 808 1055 υτεμεινας.
839 960 897 1032 απδ
920 961 1023 1035 τοθτου
1040 962 1091 1033 καὶ
1108 964 1260 1053 τλῆμωνό

110 1077 334 1169 δτομενητικάς.

165 1217 236 1285 170.
263 1202 393 1281 Γλαῦκε,
410 1195 461 1282 τίη
485 1195 517 1268 δὲ
535 1193 588 1292 σν]
614 1194 685 1292 πρδς
703 1194 743 1266 τδι
762 1196 885 1293 ῥηθέντα
902 1193 981 1268 οὐδέν
998 1194 1196 1292 άτοκρίνεται’
1224 1197 1261 1277 ὧς
1298 1225 1303 1234 ·

112 1310 294 1403 ὑβρισμένος
312 1311 371 1410 γδιρ
389 1313 564 1406 ἀγανακτεῖ.

164 1425 247 1516 *τίη
264 1426 412 1507 Ἀττικῶς
430 1428 479 1499 διδι
496 1426 538 1501 τί.
1277 1452 1314 1492 10

166 1567 237 1634 171.
266 1542 314 1615 *ιδ
330 1543 432 1645 πάποι]
450 1545 531 1642 παρδι
548 1542 697 1642 Ζηνοδάτῳ
714 1541 736 1616 ιδ
752 1546 870 1635 πέπον,
890 1546 921 1618 ον’
939 1557 1043 1627 κακῶς.

166 1684 235 1751 172.
263 1671 317 1732 τῶν
334 1661 418 1733 θσσοι
437 1660 563 1759 Λυκίην]
587 1661 736 1756 μεμείωκε
762 1664 816 1752 την
840 1663 987 1756 ἐ’μφασιυ,
1006 1661 1056 1734 καδ
1077 1663 1117 1735 τδι
1137 1671 1263 1736 τοιαῦτα

113 1776 209 1850 εἴωθεν
225 1779 338 1850 ἀθετεῖν
355 1781 368 1849 δ
385 1777 601 1874 Ἀρίσταρχος.

168 1917 239 1988 173.
266 1896 347 1993 παρδι
364 1893 513 1993 Ζηνοδάτιρ
531 1905 585 1967 νῦν
605 1896 641 1967 δέ
659 1928 709 1980 σε,
728 1894 781 1980 έξω
798 1904 849 1968 τοῦ
867 1901 892 1971 ἶι.

163 2011 209 2083 δτι
233 2020 279 2083 νῦν
295 2012 351 2103 μὲν
373 2013 458 2109 δρθῶς
483 2011 559 2107 έχει,
578 2013 607 2084 έν
624 2013 655 2084 δὲ
672 2020 710 2112 τῇ
728 2016 758 2088 Ξ
777 2011 847 2112 (95)
868 2024 964 2094 κακῶς
990 2014 1117 2086 ε’ντεῦθεν
1139 2014 1264 2108 μετενῆ-
1279 2013 1315 2091 ί5

114 2161 226 2202 νεκται.

168 2269 239 2336 174.
265 2246 307 2334 μέ
332 2243 410 2343 φης]
435 2245 517 2328 άξιοῖ
537 2248 551 2316 δ
576 2243 805 2334 Ἀσκαλωνίτης
830 2243 1040 2341 ἀναγινώσκειν
1066 2247 1264 2331 δισυλλάβως

119 2364 128 2390 9
157 2362 164 2387 λ
192 2367 200 2391 2
240 2363 250 2389 Ι
394 2362 403 2388 Ι
481 2366 490 2390 e
539 2363 548 2390 Ι
624 2361 631 2387 1
727 2359 736 2386 Ι
946 2365 956 2391 Ι
1043 2362 1051 2387 ²
1078 2363 1087 2386 1
1110 2362 1118 2388 >
1197 2372 1211 2388 u

114 2397 163 2437 επι
182 2395 321 2460 αοριστον
343 2395 457 2460 χρουου,
476 2395 490 2434 ο
507 2395 606 2456 μεντοι
634 2365 766 2446 Αλεξιων
782 2371 1020 2454 μονοσυλλαβως
1038 2395 1086 2434 επι
1105 2395 1265 2442 ενεστωτος

114 2479 229 2579 χράνου.
265 2478 307 2552 διδ
334 2478 386 2551 καὶ
413 2479 466 2550 σδν
492 2489 533 2579 τῷ
553 2480 563 2553 ί
581 2480 766 2576 γράφεσθαι.
802 2487 887 2551 τοῦτο
905 2480 936 2552 δὲ
953 2481 1083 2551 άπαιτεῒ
1096 2477 1147 2550 καὶ
1164 2483 1183 2568 ἡ
1201 2480 1265 2550 διά-

116 2631 189 2672 νοια.
236 2600 319 2692 κάγιδ
349 2598 381 2670 δὲ
412 2597 685 2692 συγκατατίθεμαι.
719 2594 762 2668 διδ
793 2597 821 2668 έν
851 2605 891 2695 τῇ
921 2598 1059 2681 συντάξει
1101 2595 1263 2690 ε’γκλιτέου·
1280 2618 1318 2657 20

115 2713 247 2800 δξθνεται
265 2714 324 2809 γδιρ
343 2714 391 2786 ε’πδ
410 2716 566 2795 ἐνεστῶτος
584 2713 699 2810 χράνου.

169 2840 240 2921 176.
268 2830 459 2929 *αι’γιάχοιο]
475 2834 629 2926 γράφεται
647 2831 687 2920 ἦέ
703 2863 766 2923 περ
785 2829 893 2924 οἷνδρά
896 2864 919 2910 ς.

169 2958 240 3040 178.
268 2947 377 3046 *παρδι
393 2948 608 3044 Ἀριστοφάνει
627 2946 710 3020 τάτε
733 2947 760 3018 δ’
779 2945 897 3027 αὐτάς..

166 3063 211 3136 δ’τι
229 3066 452 3154 άκαταλλῆλως
468 3063 519 3136 καὶ
537 3063 615 3145 ι’δίως
634 3064 788 3158 ἐπενήνοχε
806 3061 840 3134 τδ
858 3063 916 3135 θ’τε
937 3062 966 3134 δ’
985 3062 1100 3143 αὐτάς·
1132 3063 1189 3137 ’έδει
1207 3064 1266 3160 γδιρ

116 3181 132 3214 ‚x
177 3179 193 3208 ‘t
295 3183 303 3206 ι
344 3192 358 3207 ι.
431 3180 441 3206 ι
515 3180 522 3205 ν
575 3179 617 3207 νε
667 3180 675 3206 ι
760 3181 770 3208 ι
845 3177 859 3209 λ
1050 3182 1059 3210 ι
1109 3181 1124 3210 νο
1255 3179 1264 3206 1

114 3218 135 3272 η
161 3215 251 3262 ουτως
276 3214 377 3267 ειπειν,
403 3213 472 3254 τοτε
498 3183 514 3253 δ
545 3214 637 3262 αυτος
663 3213 820 3280 εποτρυνει,
842 3215 861 3269 η
882 3195 1087 3273 προσληπτεον
1109 3185 1207 3265 εξωθεν
1233 3213 1266 3253 το
1282 3195 1319 3255 25

116 3299 210 3385 έστιν,
236 3298 314 3370 ὥστε
341 3299 474 3393 γίνεσθαι
505 3296 540 3370 τδ
568 3307 683 3396 πλῆρες
712 3297 778 3369 έοτι
806 3295 829 3367 δ’
849 3293 897 3368 δ’τε
925 3295 975 3368 καὶ
1003 3294 1093 3378 αὗτδς
1121 3297 1267 3393 ἐποτρύνει

115 3419 283 3510 μάχεσθαι.

169 3541 242 3604 186.
269 3529 334 3628 δφρ’
352 3527 388 3603 άν
405 3531 491 3631 ε’γδνν]
513 3530 732 3628 προσεδάκησεν
750 3531 785 3604 άν
803 3565 850 3613 τις
868 3529 956 3604 αὖτδν
973 3531 1180 3619 δυσωπηθέντα
1200 3530 1268 3608 τοδς

116 3648 225 3743 λάγους
253 3646 305 3720 καί
335 3652 484 3738 κινηθέντα
514 3647 562 3722 ε’πδ
590 3657 632 3744 τῷ
659 3650 830 3747 πράγματι,
858 3645 901 3725 οἷς
935 3645 1025 3728 αὗτδς
1053 3646 1267 3743 ἐπηγγείλατο,

117 3767 261 3862 ε’μμένειν.
296 3769 310 3837 δ
336 3765 368 3838 δὲ
393 3767 594 3854 ἐπιλέλησται
621 3767 676 3859 μὲν
702 3763 738 3838 δν
760 3764 852 3847 αὖτδς
878 3760 969 3851 εἶπεν,
996 3765 1131 3861 ἠμέληκε
1157 3764 1188 3836 δὲ
1214 3775 1269 3836 τῶν
1283 3796 1322 3852 30

117 3884 236 3970 α’νειδῶν,
253 3880 321 3974 περὶ
339 3883 369 3955 δὲ
388 3881 421 3953 τδ
440 3890 619 3977 κοσμεῖσθαι
636 3881 764 3977 γίνεται.

169 3997 252 4080 οὗτος
285 3998 496 4088 άλαζονειίεται
531 4000 624 4093 μηδὲν
660 3996 813 4094 άξιάλογον
847 3996 1003 4092 δεδρακιθς·
1043 3995 1086 4070 διδ
1121 3997 1270 4090 ε’πιμελῶς

162 4172 187 4210 1.
208 4155 250 4209 διὰ
264 4146 427 4232 Bekkerus]
443 4153 473 4207 οὗ
714 4153 852 4208 ἐνεστῶτος
865 4152 896 4206 ἂν
912 4151 980 4223 (ἀντὶ
1000 4155 1045 4205 τοῦ
1068 4148 1206 4229 Cobessus)
1227 4149 1270 4204 λε’-

160 4253 187 4309 3·
210 4236 276 4306 αἷκῖθ
290 4233 358 4292 Vffl·
388 4232 467 4304 αἷκῑίθ
714 4269 768 4318 γειν
782 4247 822 4300 καὶ
835 4236 891 4299 τὸῗ

163 4335 208 4374 12.
228 4317 350 4386 μεμεέωκε
385 4317 510 4370 ἀθετεῖται
532 4310 579 4391 (ab
601 4309 670 4370 Ari·
759 4329 805 4384 28·
828 4319 940 4404 Μηρὸν]
956 4343 1012 4382 om,

118 4395 245 4474 starcho)
261 4398 300 4452 ὅτι
312 4398 434 4466 μεμείωκε
450 4394 584 4452 Cobetus.
758 4426 804 4482 30,
827 4402 977 4486 *ἐμμένειυ]
995 4407 1078 4478 μένειν

165 4491 211 4552 17.
235 4477 272 4534 In
300 4497 390 4552 marg.
416 4477 501 4535 inter.
527 4476 606 4535 οὕτως
631 4479 672 4532 ἐπὶ
757 4483 868 4568 πηγὸς]
885 4507 940 4544 om.
