2954 4936
533 222 703 284 lAlAA02
734 219 890 302 12.=(24)

189 401 237 448 12.
264 384 361 462 φιλῶς
379 376 413 448 τδ
430 377 554 450 ἀλιίοον·
581 379 667 466 δῆλον
685 379 744 450 κάκ
760 389 815 468 τῆς
834 384 1030 470 συναλοιφῆς.

125 493 130 501 ’
188 516 237 584 15.
267 491 338 565 *δτι
358 495 502 592 περισσδς
520 500 534 569 o‘
552 497 596 570 δέ.

190 633 239 700 17.
267 607 354 693 αδτις
368 609 408 683 ένί
422 611 542 715 κλισίῃ]
562 613 606 685 ’ίτι
621 623 762 712 παρεῖται
775 617 794 704 ῆ
807 614 874 697 ἀνά,
888 607 941 684 καί
953 609 1037 683 έστιν
1048 607 1284 681 ἀναπανέσκετο.

131 725 221 815 ῆίτι
240 731 255 800 o‘
273 727 304 799 δέ
326 733 419 801 πάλιν
439 731 594 827 περισσίς·
622 731 654 803 οὗ
676 733 735 827 γάρ
755 731 821 803 ἔστι
848 729 946 826 λέγειν
962 727 992 800 δν
1010 727 1178 835 ἐδέσμευεν,
1200 723 1286 795 ἀλλά

131 843 227 940 χωρίς
244 848 259 918 o‘
276 845 317 917 δέ.
349 841 417 918 εἶτα
435 847 564 920 έασκεν
580 845 646 920 ἀντὶ
662 857 715 921 τοῦ
732 845 789 922 εία.
1300 858 1318 920 5

187 961 294 1052 ὁμοίοις
310 963 513 1058 ἀναγνωστέον
530 963 564 1036 τδ
582 964 682 1038 τάνδε
701 973 742 1064 τῷ
759 975 780 1006 “
792 962 872 1036 τάνδε
890 962 917 1035 δ’
936 962 1013 1060 έγδννΙ
1026 957 1169 1034 έτιάντα”
1184 960 1240 1053 (ll.
1255 981 1287 1050 5,

136 1078 216 1176 238)
235 1076 287 1151 καὶ
302 1089 321 1119 “
332 1080 413 1154 τάνδε
436 1081 465 1153 δ’
484 1082 540 1178 ε’γδι
567 1081 685 1176 κομιῶ”
707 1088 851 1174 (Od.15,
868 1082 958 1174 545).
991 1077 1072 1176 λέγω
1095 1076 1127 1149 δὲ
1153 1075 1288 1162 &dvm

133 1196 188 1283 τῆν
200 1194 327 1292 προίτην,
345 1193 380 1270 ἶν’
397 1191 419 1297 ᾗ
436 1198 602 1280 έπέκτασις
618 1203 637 1288 ῆ
655 1199 705 1274 διδι
721 1208 773 1271 τοῦ
790 1199 830 1272 δέ.

188 1321 239 1384 18.
265 1315 443 1414 προπρηνέα]
469 1311 517 1388 δτι
536 1315 614 1389 οάδέυ
631 1317 720 1388 πλέον
736 1324 789 1388 τοῦ
809 1313 928 1413 πρηνέα,
954 1315 992 1395 ἀς
1005 1307 1078 1386 ’ὅταν
1094 1313 1172 1409 λέγῃ
1192 1311 1286 1407 ἀταρ-

131 1428 219 1526 τηρδν
236 1430 285 1504 τδυ
301 1432 418 1530 ἀτηρίν.
1177 1487 1179 1492 .
1302 1451 1339 1496 10

187 1575 238 1635 20,
258 1577 309 1621 21.
336 1547 388 1621 καὶ
406 1551 553 1623 τεθνειίτα
569 1548 640 1648 περ]
666 1551 846 1622 ἀθετοῦνται·
871 1549 961 1646 ἀρκεῖ
972 1549 1031 1645 γὰρ
1045 1543 1079 1620 τδ
1096 1552 1286 1644 προειρῆσθαι

137 1675 157 1705 “
167 1676 271 1736 πᾶσαν
296 1665 426 1755 ἀεικείην
452 1667 550 1764 άπεχε
577 1665 655 1766 χροί,
673 1669 748 1760 φῶτ’
769 1664 936 1764 ἔλεαίρυν.”
971 1662 1004 1736 τδ
1028 1664 1058 1736 δὲ
1086 1673 1149 1745 πῶς
1177 1660 1286 1755 μηκέτ’

137 1781 356 1870 έπεκδιδάσκει,
380 1782 426 1857 ’ίτι
451 1783 640 1879 ἀτεμφαίνίν
665 1785 758 1857 ἔστιν·
784 1783 892 1884 ἀνίερον
908 1783 968 1881 γδρ
987 1780 1037 1855 καὶ
1054 1782 1217 1880 ἀκάθαρτον
1234 1779 1287 1866 τῆν

135 1907 189 1971 τοῦ
201 1900 278 1982 Διδς
290 1901 400 1995 αι’γίδοι
416 1910 514 1998 νεκροῦ
529 1900 712 2000 περίβλημα
728 1901 873 1999 γίνεσθαι.
904 1910 964 1981 πῶς
983 1901 1014 1974 δέ
1032 1897 1083 1971 καί
1101 1898 1285 1986 κατείληπτο

137 2025 178 2118 τῇ
194 2017 292 2114 αι’γιδι
306 2015 476 2113 έλκάμευος,
495 2014 556 2122 [ἵνα
573 2021 617 2115 μῆ
630 2017 832 2120 ἀποστροφῇ]
841 2051 854 2103 ;
878 2016 897 2108 ῆ
914 2029 973 2100 πῶς
992 2017 1090 2102 έλαβε
1108 2017 1162 2105 τῆν
1179 2014 1286 2111 αἰγίδα
1303 2031 1338 2092 15

136 2135 219 2233 παρά
231 2134 328 2221 Διάς;
347 2136 379 2208 οὗ
391 2136 451 2234 γδρ
466 2129 735 2232 σνγκατατέθειται
749 2146 788 2236 τῆ
804 2133 1008 2231 ἀπολυτρώσει
1022 2144 1074 2207 τοῦ
1090 2142 1199 2230 νεκροῦ,
1213 2131 1285 2203 ἀλλ’

136 2251 270 2349 ὕστερον·
293 2255 307 2325 ὅ
325 2250 358 2326 δέ
375 2251 530 2325 Ἀτίλλονν
548 2254 600 2326 οιίκ
616 2249 697 2351 εἶχεν
715 2253 848 2338 ἐξουσίαν
865 2262 921 2343 τῆς
938 2248 1065 2346 αι’γιδος.
1096 2252 1124 2323 εί
1140 2252 1286 2324 δὲταῦτα

135 2370 315 2468 ἐγέγραπτο,
327 2371 379 2442 οάκ
396 2367 430 2441 ἀν
444 2371 546 2453 ἀλλας
557 2371 661 2453 αι’τίας
676 2372 815 2470 εἰσέφερε
832 2379 884 2444 τοῦ
901 2370 1169 2466 καταδριίπτεσθαι.
1200 2368 1285 2462 λέγει

132 2487 235 2580 μέντοι
253 2486 312 2586 (ll.
333 2494 476 2582 23,186)
495 2487 652 2587 “ρόδίεντι
678 2498 762 2586 χοῒευ
788 2483 879 2586 ἐλαίῳ
904 2485 1075 2587 ἀμβροσίην,
1095 2482 1141 2558 ίνα
1164 2487 1210 2580 μῆ
1234 2517 1287 2578 μιν

134 2605 299 2700 ἀποδρύφοι
319 2605 539 2696 ἔλκυστάζων.”
575 2604 626 2679 καί
644 2604 710 2704 περὶ
723 2615 776 2680 τοῦ
788 2604 973 2686 Ἀπίλλιονος
991 2603 1022 2676 δν
1034 2601 1138 2701 τρίπον
1153 2610 1173 2642 “
1185 2614 1286 2674 πᾶσαν
1302 2623 1340 2666 20

134 2719 267 2810 ἀεικείην
283 2718 381 2817 ἀπεχε
392 2721 496 2821 ’χροί,”
514 2725 598 2820 λέγει
617 2737 638 2768 “
649 2732 690 2824 τῷ
708 2721 736 2796 δ’
755 2720 803 2795 zu>
820 2725 936 2795 κυάνεον
952 2723 1041 2815 νέφος
1057 2721 1156 2817 ῆγαγε
1169 2727 1286 2804 Φοῖβος

133 2837 323 2926 Ἀπάλλυν,”
342 2835 388 2912 ίνα
413 2840 536 2943 διαμένῃ
563 2840 679 2935 ’ένικμος
704 2838 755 2913 καὶ
780 2839 962 2937 περινίζηται
983 2840 1036 2928 τῆν
1052 2835 1110 2911 ἀπδ
1129 2846 1180 2910 τοῦ
1197 2834 1286 2931 φίνου

134 2957 331 3052 ἀκαθαρσίαν,
362 2957 400 3039 τίς
430 2971 525 3051 φησιν
555 2961 569 3031 o‘
594 2958 711 3057 Ἑρμῆς
745 2966 786 3058 τῆ
816 2960 949 3055 Πριάμῳ
979 2952 1093 3043 “θηοι”ο’
1118 2987 1167 3027 κεν
1195 2953 1287 3034 αὗτδς

134 3074 270 3160 ἔτελθθνν,
290 3070 346 3146 οἷον
361 3074 497 3172 εἐρσῆεις
514 3084 621 3148 κεῖται·
648 3073 714 3172 περὶ
732 3071 849 3169 δἀἷμα
866 3075 994 3147 νένιπται
1001 3069 1018 3098 ”
1037 3075 1139 3169 (418).

185 3188 277 3272 οὕτως
300 3187 428 3288 αι’γίδα
453 3192 633 3291 χρυσείην
650 3193 685 3265 αι’
698 3191 914 3292 Ἀριστάρχου·
940 3188 1007 3287 περὶ
1032 3189 1097 3262 δλον
1114 3186 1202 3263 αὖτδν
1220 3189 1286 3262 έκά-
1302 3208 1340 3269 25

135 3324 233 3380 λυπτε
251 3309 304 3396 τῆν
320 3319 437 3406 χρυσῆν
456 3310 576 3405 αι’γίδα.
613 3309 665 3382 καὶ
689 3312 735 3405 μῆ
754 3343 828 3382 ποτε
844 3305 1090 3405 Ὁμηρικοίτερον·
1117 3315 1136 3349 “
1147 3305 1223 3380 τοΐίν
1240 3338 1286 3379 τοι

135 3427 193 3522 ἔγδν
210 3426 297 3515 νέφος
315 3427 527 3520 ἀμφικαλιίφοι
544 3426 691 3526 χρύσεον”
712 3425 768 3525 (Il.
786 3454 835 3515 14,
853 3424 945 3523 343).

187 3570 238 3618 20.
267 3540 447 3642 mmm]
472 3544 501 3616 έν
517 3544 603 3642 ἀλλφ
623 3547 773 3632 κάλυψε.

186 3689 238 3750 24.
265 3660 343 3742 Ζεδς
366 3660 501 3758 ε’ρασθεὶς
518 3661 627 3742 Μαίας
650 3671 706 3751 τῆς
722 3660 933 3742 Ἀτλαντίδος,
953 3663 1045 3731 λαθδνν
1057 3657 1162 3755 Ἥραν
1182 3657 1285 3753 ε’μίγη·

133 3778 203 3868 ῆδέ
226 3777 331 3872 έγκυος
353 3779 493 3873 γενομένη
517 3780 545 3851 ἒν
563 3782 708 3882 Κυλλῆνη
733 3789 787 3868 τῆς
803 3777 966 3876 Ἀρκαδίας
982 3778 1097 3874 Ἑρμῆν
1121 3775 1285 3871 ἐγέννησεν,
1301 3797 1339 3854 30

180 4077 204 4116 1.
228 4054 401 4140 συναλοιφῆς]
424 4062 591 4131 συναλοιφῆς.
610 4056 690 4116 Alibi
732 4055 831 4114 Lehrs.
847 4056 866 4117 l.
882 4077 905 4114 c.
921 4056 1056 4116 restituto
1070 4059 1218 4130 ἀποδρυφῇ,

135 4145 302 4198 constanter
316 4141 456 4214 συναλιφῆ.
775 4139 821 4197 16.
864 4140 1087 4210 συγκατατίθενται
1114 4137 1281 4214 Bekkerus]

179 4235 205 4294 7.
229 4222 351 4292 θξῦνοντα
364 4218 515 4301 Ιιθίιιεὶιιυ]
532 4223 630 4292 θείνων
732 4222 962 4294 συγκαταποθεῖται
1118 4284 1121 4291 Ι

182 4321 228 4375 14.
254 4299 421 4384 κατείλιμιτο]
443 4307 575 4360 κατιίλυτο
599 4301 690 4360 Isehr·
776 4320 822 4359 22.
844 4295 1010 4381 περινίζηται]
1024 4300 1174 4374 περινίζετσι

137 4382 199 4443 sius
214 4383 305 4442 An'st.
320 4404 348 4460 p.
368 4405 433 4460 192.
714 4412 721 4427 ι
775 4401 822 4456 23.
844 4378 926 4460 θηοῖο]
940 4381 1018 4438 θείοιο

181 4483 194 4523 1
200 4478 227 4539 5.
240 4464 281 4522 ’ίνα
290 4469 324 4538 μὴ
334 4459 506 4546 ἀποστροφῇ]
521 4464 603 4525 Haec
613 4463 691 4522 delet

684 4598 735 4644 12
