2954 4936
538 231 710 294 1A1AA02
742 234 776 292 z.
807 229 870 312 (6)
1219 227 1281 291 315

176 382 250 465 289.
272 383 394 461 αἵματος
416 383 488 447 ἆσαι
499 379 612 471 Ἀρηα]
635 387 688 446 τοῦ
706 383 827 464 αίματος
850 382 972 464 κορέσαι
993 383 1027 446 τδ
1047 383 1217 464 καρτερικὸν
1236 384 1285 447 καὶ

129 483 362 565 πολεμιστήριον
376 486 446 567 δόρυ

176 607 250 670 292.
272 585 419 675 πρυμνὴν]
445 587 613 668 κατωτάτην

176 703 249 773 295.
271 687 375 779 αἰόλα]
394 692 515 754 ποικίλα
645 687 886 778 παμφανόωντα]
907 689 983 754 πάνυ
998 692 1154 771 λάμποντα

174 790 397 881 παρέτρεσσαν]
422 797 470 857 διδ
485 793 550 860 δέος
565 794 678 876 ἔφυγον
1298 814 1316 876 5

177 898 250 983 298.
275 894 447 985 ἐρυσαίατο]
483 898 640 961 ἐλκύσειαν
857 914 930 982 302.
954 891 1135 984 σμερδαλέα]
1168 892 1287 975 φοβερά

176 996 285 1089 ἰάχων]
310 999 422 1081 κράζων

176 1118 251 1190 307.
274 1102 388 1185 πρδςδ’
406 1097 735 1191 ἄμφωὝρηξετένοντε]
759 1100 954 1182 πρδςδέκαὶ
974 1103 1127 1183 ἀμφότερα
1142 1097 1286 1181 ἀπέρρηξε

129 1210 169 1270 τδ
184 1208 409 1285 κατατεινόμενα
423 1209 511 1287 νεῦρα

178 1308 253 1395 308.
275 1305 374 1397 ῥινὸν]
399 1311 433 1371 τδ
450 1308 541 1390 δέρμα
670 1328 744 1395 309.
767 1259 843 1391 γνδξ
855 1303 1011 1396 ἐριπὼν]’
997 1308 1046 1371 επὶ
1060 1308 1134 1389 γόνυ
1146 1307 1248 1371 πεσόν
1301 1333 1338 1373 10

176 1431 250 1498 313.
274 1408 415 1498 ήμιν]“
395 1436 459 1490 ητις
476 1410 565 1475 ούτόν
694 1407 902 1499 βουκολέοντι]
924 1410 1047 1489 βοθςέ
1014 1436 1031 1475 ν
1045 1435 1133 1490 μοντι

176 1534 250 1599 314.
272 1511 414 1603 ἐχεύατο]
437 1513 636 1596 περιεβάλετο
720 1517 722 1521 ’

177 1629 252 1703 315.
275 1623 400 1699 φαεινοῦ
422 1616 528 1700 πτύγμ’
546 1615 714 1707 ἐκάλυψεν]
738 1618 804 1683 ἀντὶ
823 1624 875 1682 τοῦ
895 1623 989 1704 διπλῶ
1004 1618 1043 1704 τῷ
1059 1616 1163 1702 πέπλῳ
1180 1616 1286 1680 ἑαυτὸν

130 1719 299 1786 ἐσκέπασεν

177 1821 290 1908 318.
273 1849 330 1887 υπε
331 1819 589 1912 ξέφερεν]’μα
494 1823 589 1904 ηρέμα
605 1821 746 1906 ἐξέφερεν
876 1843 950 1909 321.
973 1819 1115 1946 ἠρύκακε]
1140 1822 1285 1905 κατέσχεν
1301 1842 1337 1903 15

176 1944 251 2011 322.
275 1927 415 2008 νάσφιν’
401 1953 458 1990 οπο
446 1923 645 2015 φλοίσβου]
664 1925 807 2012 χωρὶς(χ
822 1927 879 2010 Α),
895 1927 949 2005 ἔξω
927 1930 1015 2005 ωτῆς
1029 1925 1127 2009 μάχης

177 2027 252 2113 326.
277 2027 412 2118 ἄρτια]
396 2033 476 2112 υγιῆ,
491 2028 662 2111 ἡρμοσμένα
763 2070 768 2079 -
795 2052 797 2056 ⁴

177 2130 252 2217 328.
275 2130 470 2222 σιγαλόεντα]
494 2135 531 2197 τὰ
545 2131 667 2213 λαμπρά

177 2253 252 2320 329.
274 2240 416 2316 Τυδείδην
430 2233 555 2324 μέθεπε]
576 2236 698 2299 κατόπιν
715 2236 880 2315 Διομήδους
896 2237 1025 2312 ἐδίωκεν,
1040 2235 1197 2315 ἐπορεύετο

178 2357 253 2423 330.
278 2340 398 2419 Κύπρον
412 2336 559 2427 ἐπηίχετο]
583 2336 628 2402 ἐπ’
643 2336 826 2420 Ἀφροδίτην
840 2338 922 2418 ὥρμα
938 2340 1047 2422 (νόρμα
1061 2339 1107 2419 Α)
1299 2359 1338 2402 20

177 2460 252 2526 334.
276 2438 408 2529 ὀπάζων]
426 2447 478 2505 νῦν
494 2444 617 2505 κατόπιν
633 2441 744 2504 διάκων

178 2555 251 2628 335.
275 2541 502 2632 ἐπορεξάμενος]
526 2545 694 2610 ἐπεκτείνας

178 2645 250 2727 748.
274 2645 437 2736 ἐπεμαίετ’]
463 2647 612 2728 ἐφήπτετο
728 2659 802 2728 752.
823 2643 944 2735 ίππονς]
968 2647 1033 2710 ἆντί
1048 2650 1099 2709 τοῦ
1113 2652 1172 2710 τῶν
1186 2646 1284 2710 ἵππων

178 2748 251 2832 787.
275 2748 337 2813 κάκ’
353 2746 496 2838 ἐλέγχεα]
517 2749 646 2834 ἐλέγχεα
662 2752 700 2818 ὡς
714 2751 823 2832 τείχεα·
848 2751 882 2813 ού
896 2754 954 2831 γάρ
969 2755 1021 2814 νῦν
1036 2751 1199 2814 ἐπιθετικόν

178 2851 250 2938 836.
273 2851 440 2942 ἐμμαπέως]
464 2855 618 2936 προθύμως
748 2851 821 2920 882.
845 2849 1033 2941 μαργαίνειν]
1056 2857 1207 2933 μανιωδῶς
1222 2856 1284 2916 δια·
1298 2878 1335 2939 25

133 2960 249 3020 κεῖσθαι

628 3136 663 3194 Ζ·
712 3128 758 3214 ί16
773 3132 790 3224 ).

177 3267 228 3333 26.
251 3267 269 3347 ή
285 3262 326 3356 δ’]
343 3268 361 3347 ἡ
378 3266 535 3350 Βαρβαρέη
668 3280 719 3348 51.
745 3264 877 3355 ἔπειθεν]
902 3269 1000 3348 ὄρινεν

179 3370 250 3438 128.
275 3373 302 3435 εἰ
323 3371 356 3435 δέ
377 3397 421 3439 τις
444 3371 597 3436 ἀθανάτων
619 3397 655 3453 γε
678 3373 740 3435 κατ’
758 3372 883 3452 ούρανοῦ
905 3367 1097 3458 εἰλήλουθας]
1118 3368 1284 3434 σνναπτέον

131 3474 206 3538 ὅλον
221 3474 272 3540 τὸν
288 3475 394 3558 στίχον
1297 3501 1337 3559 30

179 3590 250 3660 159.
274 3575 457 3667 ἐδάμασσεν]
482 3579 516 3642 τδ
530 3585 582 3642 τοῦ
598 3580 728 3660 Προίτου

179 3680 250 3746 180.
273 3686 355 3747 θεῖον
369 3680 470 3771 γένος]
494 3682 651 3763 τεράστιον
784 3682 855 3746 181.
878 3677 1016 3769 χίμαιρα]
1041 3679 1092 3759 αίξ

177 3801 248 3870 237.
272 3782 325 3873 ὥς]
348 3785 412 3849 άντί
429 3791 481 3850 τοῦ
495 3789 545 3850 ὅτε
671 3783 798 3875 πύργον]
824 3786 871 3850 καί
886 3788 984 3868 φηγόν

176 3903 250 3974 337.
272 3886 461 3978 πορειποῦό]
485 3889 691 3971 ποραινέσασα
832 3888 906 3974 348.
930 3886 1073 3978 ἀπόερσε]
1098 3887 1240 3965 ἀπέπνιξε

176 4004 250 4077 353.
275 3989 509 4081 ἐπαυρήσεσθαι]
532 3997 583 4072 τῆς
599 3994 673 4059 ἰδίας
688 3993 788 4058 ἀνοίας
803 3996 895 4071 δῆλον
910 3993 955 4055 ὅτι
1297 4008 1336 4071 35

175 4114 251 4175 400.
275 4093 379 4174 νήπιον
394 4093 501 4184 οὕτως]
526 4099 617 4162 οὕτως
632 4097 671 4162 ὣς
684 4098 713 4159 οἱ
727 4099 829 4161 παῖδες

176 4213 251 4278 417.
272 4194 433 4286 ἐξενάριξε]
451 4200 616 4264 ἐσκύλευσε
701 4216 776 4280 419.
794 4196 862 4279 σῆμ’
879 4194 980 4287 ἔχεεν]
997 4199 1044 4262 καὶ
1058 4197 1156 4279 τάφον
1167 4197 1284 4282 ἔχωσεν

176 4301 251 4378 446.
276 4298 451 4390 ἀρνύμενος]
473 4302 538 4366 ἀντὶ
552 4307 604 4366 τοῦ
619 4303 834 4383 περικτόμενος

176 4403 250 4481 466.
274 4401 410 4492 ὀρέξατο]
434 4406 498 4468 ἀντὶ
514 4412 565 4469 τοῦ
580 4404 707 4485 ἐλάβετο
830 4420 905 4487 477.
929 4401 991 4493 ἀρι]
1013 4407 1057 4469 ἐνι

176 4523 250 4592 493.
273 4509 337 4588 ἐμοὶ
355 4510 388 4572 δέ
402 4508 541 4589 μάλιστα,
558 4505 620 4597 τοὶ]
643 4509 707 4574 ἀντὶ
722 4514 773 4572 τοῦ
787 4510 868 4574 πλέω
883 4509 1002 4574 πάντων
1017 4515 1074 4574 τῶν
1090 4511 1124 4574 ἐν
1137 4510 1219 4594 Ἰλίιρ
1297 4529 1339 4584 40
