2954 4936
180 204 246 268 που
588 207 759 268 ιλικκος
790 207 825 268 κ.
856 203 918 285 (1)

223 357 293 431 οὐδέ
306 382 344 437 με
359 355 479 445 τυτθὸν]
504 359 572 422 οὐδὲ
588 359 692 440 ὀλίγον
705 383 743 436 με

226 463 300 546 356.
323 458 465 550 ἀπούρας]
490 463 686 542 ἀφελόμενος,
703 462 783 540 παρά
796 457 830 522 τὸ
846 459 929 541 ὁρίζω

226 579 243 642 3
247 563 299 645 58.
322 562 424 652 πατρὶ]
450 565 490 652 τῷ
506 571 604 644 Νηρεῖ
618 567 706 649 (νιρεῖ
718 562 762 645 A)

223 680 299 751 359.
324 665 529 755 καρπαλίμως]
547 667 660 751 ταχέως
791 667 865 750 360.
888 658 1021 750 πάροιθ’]
1039 661 1205 743 ἔμπροσθεν

225 770 299 854 361.
323 767 487 859 κατέρεξεν]
513 771 681 852 κατέφηξεν
812 767 887 852 362.
912 761 1006 853 ἵκετο]
1031 764 1201 838 κατέλαβεν
1370 783 1387 844 5

225 871 299 956 363.
323 869 442 962 ἐξαύδα]
460 872 559 952 ἔξειπε
632 873 673 952 μὴ
689 866 790 958 κεῦθε]
810 869 850 950 μὴ
866 871 973 951 κρύπτε
1049 862 1154 956 άμφω]
1171 869 1339 950 ἀμφότεροι

225 977 301 1058 364.
323 976 403 1055 βαρὺ
418 972 587 1064 στενάχων]
612 974 731 1056 μεγάλα
747 971 896 1050 στενάζων

226 1077 300 1162 365.
324 1074 430 1165 οἶσθα]
455 1081 616 1144 ἐπίστασαι
703 1077 749 1157 τίη
765 1071 825 1163 τοι]
843 1076 874 1137 τί
886 1074 921 1154 δή
936 1099 985 1138 σοι
1082 1068 1231 1159 ἀγορεύω]
1255 1069 1338 1153 λέγω

222 1182 297 1264 366.
322 1179 463 1271 ᾠχόμεθ’]
480 1183 707 1264 παρεγενόμεθα
773 1179 848 1264 367.
869 1171 1078 1264 διεπράθομεν]
1095 1174 1338 1259 ἐξεπαρθήσαμεν

222 1283 298 1366 368.
322 1285 354 1348 εὖ
369 1281 536 1372 δάσσαντο]
561 1289 657 1350 καλῶς
673 1283 847 1364 ἐμερίσαντο
1352 1303 1385 1343 ιο

223 1399 298 1470 373.
322 1385 480 1477 στέμματ’]
505 1389 543 1454 ὡς
559 1386 712 1466 στέμματα

223 1486 297 1573 382.
320 1487 387 1579 ἧκε]
409 1492 544 1573 ἔπεμψεν
674 1490 749 1574 383.
773 1482 985 1576 ἐπασσύτεροι]
1009 1484 1187 1565 ἐπάλληλοι,
1206 1486 1318 1551 πυκναί

222 1611 296 1676 392.
321 1595 427 1674 κούρην
443 1591 567 1682 Βιοῆος]
593 1593 802 1672 άντωνομασία

224 1712 298 1778 393.
321 1694 481 1785 περίσχεο]
506 1699 669 1779 φρόντισον
800 1714 874 1779 394.
896 1689 998 1781 λίσαι]
1014 1693 1194 1759 λιτάνενσον

222 1798 297 1881 396.
321 1800 365 1862 ἐνὶ
379 1796 567 1888 μεγάροισιν]
594 1801 628 1862 ἐν
642 1804 704 1864 ταῖς
718 1799 809 1864 οἴκοις
1352 1816 1380 1878 15

224 1914 297 1984 397.
321 1899 510 1990 ἀπ’ἐφησθα]
540 1904 589 1967 ὅτε
613 1901 731 1984 ἔλεγεςΙ

224 2002 409 2092 κελαινεφέϊ]
435 2010 486 2068 τοῦ
508 2007 691 2086 ἀμβροποιοῦ
711 2003 767 2088 (sie
783 2002 926 2088 genitivo
940 2003 1025 2086 62011]

223 2106 296 2190 398.
320 2103 442 2195 ἀμῦναι]
468 2108 658 2190 ἀποστρέψαι

223 2227 296 2294 399.
320 2207 384 2298 μιν]
408 2209 519 2275 Ἰόνων
649 2205 806 2296 ξυνδῆσαι]
831 2235 889 2273 συν

222 2308 325 2400 ἄλλοι]
350 2316 379 2376 οἶ
394 2318 520 2381 Τιτᾶνες

224 2433 300 2493 401.
324 2412 493 2504 ὑπελύσαο]
518 2417 634 2494 ἐξείλω,
651 2415 763 2483 έλνσας

221 2518 296 2597 408.
322 2521 355 2582 αἵ
368 2519 418 2582 κέν
433 2515 509 2606 πως]
534 2517 586 2582 ἐόν
600 2544 662 2584 πως

226 2640 302 2703 409.
326 2623 393 2688 τοὺς
409 2618 456 2708 δὲ]
480 2622 548 2687 τοὺς
562 2619 757 2700 δέἝλληνας

220 2722 366 2813 πρύμνας]
391 2729 443 2792 τὰς
459 2730 529 2792 ναῦς
545 2725 604 2789 ἀπδ
617 2724 723 2805 μέρους
856 2720 959 2812 ἔλσαι]
985 2724 1153 2789 συνελάσαι

221 2846 296 2906 410.
320 2830 369 2892 ίνα
394 2828 502 2896 πάντες
525 2829 708 2909 ἐπαύρωνται
734 2824 898 2916 βασιλῆος]
922 2830 973 2893 ἵνα
993 2827 1101 2896 πάντες
1125 2827 1334 2895 ἀπολαύσαίισι
1348 2853 1380 2916 ²5

177 2933 227 3009 τῆς
243 2931 388 3010 ἀβουλίας
402 2936 454 2993 τοῦ
467 2932 633 3010 βασιλέως,
649 2931 812 3008 τουτέστιν,
830 2932 879 2995 ἵνα
895 2932 1066 2996 ἀπόλωνται
1080 2929 1117 2996 δι’
1132 2933 1225 2996 αὐτοῦ

219 3052 293 3111 412.
316 3031 351 3112 ἣν
367 3030 454 3121 άτην]
478 3033 533 3112 τὴν
549 3035 627 3097 ίδίαν
643 3034 790 3114 ἀβουλίαν
806 3034 854 3098 καὶ
868 3032 993 3114 βλάβην

218 3151 294 3217 415.
320 3133 492 3223 ἀδάκρυτος]
518 3136 631 3202 ἀλυπος
762 3137 811 3200 καὶ
826 3133 965 3225 ἀπήμων]
988 3138 1035 3202 καί
1052 3136 1196 3218 ἀβλαβής

219 3239 293 3315 416.
319 3235 405 3325 αἶσα]
430 3245 518 3320 μοῖρα
647 3237 774 3318 μίνυνθά
788 3234 859 3326 περ]
884 3237 930 3303 ἐπ’
942 3241 1047 3322 ὀλίγον

219 3340 283 3402 ούτι
297 3337 379 3418 μάλα
402 3337 469 3427 δήν]
495 3342 543 3404 καὶ
558 3341 609 3404 οὐκ
625 3340 673 3404 ἐπὶ
687 3340 784 3406 πολὺν
797 3342 907 3424 χρόνον
1348 3373 1381 3430 3ο

218 3457 293 3524 417.
318 3440 479 3531 ὠκύμορος]
504 3441 708 3527 ταχυθάνατος
839 3440 969 3532 ἀϊζνρός]
992 3445 1105 3523 ἀθλιος,
1125 3446 1315 3528 ταλαίπωρος

218 3543 294 3623 418.
317 3550 356 3630 τῷ
373 3543 424 3634 σε]
450 3546 494 3609 διά
510 3545 546 3624 δή
561 3570 598 3610 σε
728 3563 802 3625 424.
825 3543 941 3634 χθιζὸς]
966 3551 1014 3612 διὰ
1030 3551 1081 3627 τῆς
1094 3547 1168 3631 χθές

217 3646 292 3726 426.
318 3648 390 3713 Διὸς
405 3645 488 3736 ποτί]
512 3650 586 3729 πρὸς
600 3648 635 3710 τὸ
650 3652 702 3712 τοῦ
718 3650 792 3716 Διός

218 3764 293 3831 427.
317 3748 514 3839 γουνάσομαι]
538 3750 706 3816 λιτανεύσω

129 3936 132 3941 .
217 3874 292 3938 430.
315 3852 466 3943 ἀπηύρων]
491 3856 655 3936 ἀφείλαντο
675 3853 843 3936 (ἀφήλαντο
857 3855 911 3939 Α).
940 3855 995 3920 Sic
1011 3856 1174 3936 ἔξείλωιιά
1189 3879 1312 3939 10401.
1347 3881 1382 3944 35

218 3977 293 4042 433.
317 3953 411 4044 ἱστία]
436 3958 469 4021 τὸ
486 3958 611 4040 ἄρμενον
741 3977 816 4042 434.
841 3955 941 4048 ίστδν]
964 3959 1126 4042 ἡκατάρτη

219 4057 424 4146 προτόνοισιν]
449 4067 509 4127 ταῖς
524 4059 751 4141 προτεταμένοις
767 4059 870 4128 κάλοις

220 4159 357 4250 ὑφέντες]
380 4162 569 4245 χαλάσαντες

220 4284 294 4348 435.
318 4261 465 4352 ἐρετμοῖς]
489 4271 552 4332 ταῖς
566 4267 675 4332 κόποις
805 4267 880 4352 436.
904 4266 1006 4358 εὐνάς]
1022 4270 1060 4335 τά
1076 4272 1186 4354 σίδηρα

152 4402 167 4456 2,
220 4386 292 4446 444.
316 4364 411 4455 ῥέξαι]
437 4370 617 4447 ἐπιτελέσαι,
634 4375 723 4434 θῦσαι
1346 4405 1382 4462 ⁴0

222 4486 295 4553 447.
319 4468 452 4557 κλειτὴν]
474 4470 593 4550 ἔνδοξον
722 4477 798 4554 448.
822 4473 934 4563 ἑξείης]
951 4475 1060 4559 ἐφεξῆς
