2954 4936
487 195 493 202 ’
553 221 724 282 1414401
756 220 791 280 B.
822 217 884 299 (2)
1225 215 1297 281 311-

187 387 259 451 131.
283 370 485 459 ἐγχέσπαλοι]
508 371 678 438 πάλλοντες
692 372 741 435 καὶ
756 375 905 436 κινοῦντες
919 371 957 432 τδ
971 370 1081 449 δόρατα

185 493 257 559 132.
281 471 442 562 πλάζουσι]
466 480 605 539 πλανῶσι
621 475 669 538 καὶ
685 473 858 556 ἀπείργουσι
871 475 923 551 τῆς
936 474 1053 548 πολλῆς
1068 471 1229 551 προθυμίας

184 595 256 658 134.
280 575 432 666 βεβάασι]
457 578 682 659 παρεληλύθασι
767 591 839 660 135.
863 570 994 661 σπάρτα]
1013 574 1153 652 σπαρτία,
1170 575 1291 657 σχοινία

185 694 257 765 137.
282 676 370 768 εἵατ’]
394 680 563 756 καθέζονται
693 679 737 744 ἐνὶ
751 675 905 765 μεγάροις]
932 679 965 741 ἐν
980 682 1042 742 τοῖς
1057 679 1147 745 οίκοις
1297 692 1300 700 “

183 778 405 870 ποτιδέγμεναι]
429 785 671 866 προσδεχόμενοι
1322 795 1340 856 5

184 885 256 970 138.
281 883 388 973 οὕτως]
413 887 520 966 ὁμοίως
535 885 553 964 ἢ
568 886 697 964 ματαίως
828 880 922 971 δεῦρ’]
947 884 1073 947 ἐνταῦθα

185 1009 255 1066 141.
277 987 453 1078 αἱρήσομεν]
477 990 682 1070 πορθήσωμεν,
698 987 842 1067 λάβωμεν

182 1111 255 1178 143.
278 1097 353 1174 μετὰ
367 1091 499 1182 πληθὺν]
524 1095 557 1157 ἐν
572 1094 611 1178 τῷ
626 1091 734 1172 πλήθει
778 1135 782 1144 ·

182 1215 253 1277 144.
276 1193 387 1283 μακρδ]
413 1197 478 1260 ἀντὶ
496 1201 547 1259 τοῦ
561 1196 679 1278 μεγάλα

183 1299 254 1381 146.
278 1297 381 1386 ὤρορ’]
407 1298 545 1380 διήγειρε,
562 1297 731 1381 διετάραξεν
861 1296 996 1385 ἐπαΐξας]
1023 1295 1194 1379 ἐφορμήσας
1304 1313 1341 1356 10

179 1403 289 1486 πατρὸς
304 1401 393 1491 Διὸς]
418 1406 470 1466 τοῦ
481 1400 514 1466 ’θ
529 1400 547 1480 ἢ
562 1405 614 1465 τοῦ
628 1398 649 1485 χ’
666 1401 862 1485 (compendia
876 1403 962 1481 ήλίου
975 1405 1010 1464 οδ
1023 1401 1143 1484 χρόνου)

182 1525 254 1589 147.
275 1507 355 1587 βαθὺ
369 1503 470 1594 λήϊον]
493 1505 572 1587 μέγα
589 1506 636 1570 καὶ
652 1508 782 1587 εὔφορον
797 1507 961 1587 σιτοφόρου
976 1504 1085 1586 χωρίον

182 1611 254 1690 148.
276 1610 394 1691 λάβρος
417 1606 589 1696 ἐπαιγίζων]
615 1613 752 1690 σφοδρῶς
774 1605 1004 1698 ἐπικαταπνέων.
1049 1607 1091 1670 In
1110 1606 1221 1692 Etym.
1237 1606 1287 1670 M.

133 1734 166 1795 p.
189 1724 264 1793 554,
289 1733 303 1774 1
330 1717 379 1776 est
400 1712 532 1795 σφοδρὸς
551 1711 781 1790 ἐπικαταπυέων,
804 1711 838 1775 in
860 1711 909 1775 ed.
932 1710 1120 1775 scholiorum
1144 1711 1289 1776 Romana

136 1797 270 1896 σφοδρὸς
283 1817 393 1880 πνέων.
1305 1835 1341 1897 15

177 1919 230 1983 ἐπί
248 1917 273 1980 τ’
295 1918 379 1999 ἠμύει
407 1917 625 2007 ἀσταχύεσσιν]
658 1919 874 1983 ἐπικατακλίυει
898 1919 931 1981 δέ
955 1918 1023 1984 τοὺς
1052 1916 1202 2000 ἀστάχυας
1227 1923 1289 1984 τοῖς

135 2020 283 2103 ἀστάχυσι

182 2141 257 2208 149.
279 2121 437 2211 ἀλαλητῷ]
462 2123 519 2187 σῦν
534 2125 652 2209 θορύβῳ
779 2141 851 2207 150.
875 2119 1035 2209 ὑπένερθε]
1059 2120 1248 2187 ὑποκάτωθεν

181 2246 251 2311 151.
277 2225 391 2315 ἵστατ’]
414 2230 544 2310 ὑψοῦται
840 2261 844 2269 ·

106 2322 110 2326 ”
181 2347 252 2413 153.
276 2329 393 2418 οὐρούς]
418 2335 578 2413 ταφροειδή
592 2333 744 2414 ὀρύγματα
912 2323 915 2329 ”
1303 2361 1342 2400 οο

180 2449 251 2516 154.
277 2436 374 2498 οἴκαδε
391 2433 527 2523 ἱεμένων]
552 2437 594 2501 είς
608 2435 661 2499 τὸν
675 2437 759 2500 οἶκον
773 2433 892 2499 ἀπιέναι
910 2432 1158 2514 προθυμουμένων

176 2535 233 2599 ὑπὸ
249 2539 273 2599 δ’
288 2533 393 2624 ᾕρεον]
419 2535 552 2623 ὑφῄρουν
567 2536 599 2602 δέ
723 2535 849 2626 έρματα]
874 2536 1043 2619 ἐρείσματα,
1061 2538 1243 2617 στηρίγματα

179 2653 251 2723 155.
271 2637 435 2728 ὑπέρμορα]
456 2643 530 2722 ὑπὲρ
545 2641 579 2704 τὸ
595 2641 779 2722 εἱμαρμένον.
810 2639 986 2721 ὀνοματικὸν
1002 2639 1144 2720 ἐπίρρημα

132 2739 256 2831 ἐτύχθη]
285 2742 403 2824 ἐγένετο

179 2859 251 2927 157.
275 2843 420 2934 ἀπάται]
445 2852 502 2928 φεῦ
517 2854 615 2911 παπαῖ
628 2851 737 2932 (ποπαι
752 2846 818 2913 sine
833 2851 964 2911 aeoentu
978 2845 1021 2927 A)

178 2944 362 3037 Ἀτρυτώνη]
384 2950 587 3028 ἀκαταπόνητε

179 3049 250 3128 164.
275 3049 412 3140 ἀγανοῖς]
437 3054 613 3134 προσηνέσι,
628 3053 732 3134 πράοις

178 3151 293 3241 ἐρήτυε]
319 3154 438 3238 κάτεχε,
453 3158 549 3220 κύλυε

179 3254 237 3336 165
221 3268 251 3336 5.
275 3255 493 3345 ἀμφιελίσσας]
519 3261 561 3325 εἰς
576 3257 698 3340 ἑκάτερα
712 3261 748 3323 τὰ
763 3264 875 3342 πλευρά
891 3259 1093 3342 στρεφομένας

178 3359 251 3440 167.
276 3358 421 3448 καρήνων]
446 3363 629 3442 ἀκρωτηρίων
1300 3389 1341 3447 30

177 3461 249 3547 169.
274 3464 378 3526 Διὶ
339 3489 426 3543 μητιν
442 3462 623 3553 ἀτάλαντον]
648 3491 688 3551 τιρ
675 3464 807 3545 Διιτὴ
810 3491 826 3529 ν
789 3466 1032 3545 ευβουλιαν
1030 3491 1087 3530 σον

179 3577 249 3644 170.
276 3564 472 3654 ἐϋσσέλμοιο]
499 3567 602 3631 εῦκαθέ
602 3574 671 3649 δρου

176 3668 244 3732 ἐπεί
255 3694 308 3748 μιν
323 3667 411 3757 άχος]
430 3670 580 3750 ἐπειδη’
547 3671 636 3735 αυτὸν
649 3674 729 3752 λύπη

178 3785 249 3852 173.
274 3775 406 3856 διογενὲς
424 3775 599 3854 Λαερτιάδη,
620 3775 824 3867 πολυμήχαν’]
849 3776 1043 3860 εῦγενέστατε
1066 3775 1199 3859 Λαέρτου
1221 3781 1285 3854 παῖ,

130 3876 297 3961 πολύτεχνε
452 3953 455 3960 ⁸
1298 3906 1337 3968 35

112 4051 123 4072 ο
177 3991 248 4065 179.
271 3979 345 4059 μηδέ
357 3979 385 4043 τ’
402 3978 501 4068 ἐρώει]
521 3985 594 4062 μηδέ
609 3985 757 4067 συγχύρει

177 4083 246 4150 180.
269 4090 335 4150 σοῖς
350 4083 375 4147 δ’
392 4084 527 4173 ἀγανοῖς]
553 4089 627 4149 καθὰ
643 4089 690 4150 καὶ
706 4089 765 4151 ἀνω
780 4089 869 4172 χωρὶς
884 4095 936 4153 τοῦ
951 4086 985 4152 δὲ
999 4086 1175 4167 συνδέσμου.

177 4186 248 4253 182.
273 4185 407 4275 ξυνέηκε]
432 4193 566 4267 συνῆκεν,
581 4187 710 4268 ήκουσεν

158 4297 161 4305 ’
179 4291 249 4376 183.
273 4291 378 4354 ἀπὸδὲ
396 4298 526 4374 χλαῖναν
541 4291 636 4380 βάλε]
657 4297 705 4357 διὰ
720 4293 754 4357 τά
768 4293 808 4374 μή
823 4297 1031 4375 ἐμποδίζεσθαι
1048 4294 1136 4360 αὑτὸν
1153 4295 1210 4359 ὑπὸ
1232 4296 1285 4360 τοῦ

129 4391 262 4472 πλήθους
276 4401 334 4458 τῶν
350 4397 472 4474 ἱματίων
1298 4428 1337 4482 40

178 4497 251 4575 184.
274 4498 306 4565 ὅς
321 4500 349 4562 ot
364 4496 482 4587 ὀπήδει]
500 4499 583 4567 ὅστις
598 4501 675 4587 αὐτῷ
692 4493 848 4581 ἠκολούθει
