2954 4936
147 230 214 294 8⁷6

236 401 289 469 32.
312 384 399 464 προτὶ
414 383 445 446 οἵ
457 381 484 446 δ’
501 379 590 460 ἔλαβ’

151 485 225 553 208.
259 487 290 551 6.
315 489 346 551 αῖ
361 487 394 550 κέ
409 512 445 550 σε
460 488 631 570 χειρότερος

260 590 290 654 8.
313 592 394 671 δουρὶ
409 591 508 670 βαλόν

239 713 290 778 13.
314 694 398 776 ἔγχει
413 695 545 776 χαλκείῳ

52 784 54 789 ¹
147 856 150 861 ,
241 815 290 877 19.
314 796 402 875 ῆθήν
418 794 447 858 σ’
464 795 578 874 ἐξανύω
593 819 628 875 γε

150 917 225 983 209.
263 919 291 962 1.
316 901 344 964 εί
356 926 419 966 πως
434 901 466 963 εύ
481 900 638 979 πεφίδοιτο

240 1022 289 1088 13.
313 1003 347 1066 οὐ
362 1001 418 1083 γάρ
429 1027 458 1065 τι
473 1001 657 1082 γλυκύθυμος

239 1120 290 1190 15.
313 1107 345 1168 ἐκ
360 1104 394 1168 δέ
408 1107 437 1168 οἱ
451 1105 531 1183 ῆπαρ
545 1105 669 1167 ὄλισθεν

239 1227 290 1294 23.
315 1210 510 1272 Δευκαλίωνα
525 1205 550 1270 δ’
567 1205 660 1270 ἔπειθ’
713 1201 718 1209 ’

238 1312 289 1376 26.
313 1311 533 1392 αύτδρὸβῆρ’

151 1432 225 1479 210.
258 1430 289 1497 5.
311 1414 369 1479 ὑπὸ
385 1413 475 1478 πόσσ’
491 1414 634 1494 ἐριμύκων

367 1763 405 1823 ο.
444 1759 533 1840 (οι)

151 1946 224 1993 210.
236 1948 289 2013 31.
314 1927 430 1994 Ξάνθου
449 1930 596 2008 δινήεντος

151 2045 225 2092 211.
258 2042 289 2111 5.
311 2028 401 2107 ἤματι
415 2030 456 2114 τῷ

259 2145 288 2212 7.
313 2133 416 2197 ἔννεον
431 2134 501 2196 ἔνθα
516 2133 563 2195 καὶ
579 2133 652 2196 ἔνθα

239 2253 289 2300 12.
313 2237 437 2316 ὄρμενον
452 2236 594 2317 ἐξαίφνης

238 2338 288 2400 16.
310 2342 407 2417 πλῆτο
422 2341 490 2420 ῥόος
506 2338 638 2402 κελάδων

236 2459 289 2525 30.
313 2441 405 2520 αὐτὰρ
420 2444 436 2504 ὁ
450 2442 498 2523 άψ

149 2560 223 2608 212.
264 2563 291 2607 1.
312 2543 368 2625 ῆγε
382 2546 489 2623 λαβὼν
505 2547 537 2607 ἐκ
553 2545 663 2625 πατρός

257 2667 288 2732 3.
311 2649 444 2731 ἐννύχιος
460 2651 617 2729 προμολών

258 2766 287 2831 7.
311 2749 401 2828 τάμνε
416 2752 497 2817 νέους
512 2754 641 2830 ὄρπηκας

236 2871 288 2917 21.
312 2859 407 2918 κεῖθεν
431 2854 464 2917 δὲ
487 2853 584 2933 ξεῖνός
609 2879 661 2932 μιν
681 2854 750 2917 ἐλύ-

344 2982 418 3020 σατο

237 3079 288 3144 23.
312 3060 365 3123 τὸν
380 3059 406 3123 δ’
422 3062 461 3127 ὣς
476 3061 527 3125 οὖν
542 3063 648 3139 ἐνόησε

235 3175 288 3243 25.
311 3161 330 3241 ῆ
345 3162 429 3241 μάλα
443 3163 478 3241 δῆ
493 3169 593 3243 Τρῶες

235 3284 288 3350 30.
312 3265 417 3347 φυγὼν
431 3266 489 3330 ύπὸ
504 3264 609 3345 νηλεὲς
623 3267 704 3347 ῆμαρ

149 3388 221 3455 213.
254 3388 286 3448 4.
311 3368 408 3432 ἱκέταο
423 3391 483 3436 om.

239 3492 287 3552 14.
306 3471 427 3537 Ἀλτεω
442 3473 474 3540 δς
489 3474 660 3557 Λελέγεσσι

236 3577 287 3640 18.
311 3582 363 3641 νῦν
379 3576 411 3640 δὲ
428 3577 463 3656 δή
478 3577 579 3655 ἐνθάδε
593 3602 645 3657 μοι

234 3700 287 3766 30.
310 3682 392 3744 ἆλλδ
407 3683 498 3762 φίλος
513 3680 585 3745 θάνε

149 3804 221 3868 214.
257 3804 288 3851 2.
311 3782 381 3848 ἀλλ’
397 3785 447 3848 ἐπί
460 3809 507 3847 τοι
522 3785 570 3848 καὶ
585 3787 654 3863 ἐμοί

238 3906 287 3954 12.
311 3886 433 3950 ἔσσεται
448 3885 467 3964 ῆ
481 3886 540 3964 ἠύς

238 4005 287 4073 17.
309 3991 399 4072 ἔγχος
418 3989 474 4069 μέν
490 3988 517 4071 ῥ’
534 3989 675 4070 ἀφέηκεν,
692 3995 709 4056 ὁ
723 3992 749 4055 δ’

165 4174 170 4183 ¹
341 4093 424 4170 ἔζετο
437 4098 520 4176 χεῖρε
534 4093 686 4160 πετάσσας

236 4217 288 4264 20.
311 4197 448 4260 ἐνταυθοῖ

236 4318 288 4384 27.
311 4301 389 4364 οίσει
404 4298 512 4378 δινήεις
527 4303 598 4365 εἵσω

237 4407 288 4475 28.
311 4405 453 4484 θρόσκων
480 4430 524 4471 τις
555 4409 630 4470 κατὰ
658 4406 750 4487 θυμὸν

344 4508 487 4588 μέλαιναν
502 4507 587 4591 φρῖχ’
601 4509 719 4588 ὑπαΐξει

597 228 769 290 ιΛιΑΔοΣ
799 228 839 286 ο.
869 221 955 303 (21)

803 389 874 460 215.
891 389 942 459 25.
966 373 989 461 φ
1005 377 1040 454 δὴ
1056 372 1131 452 δηθά

890 495 940 560 27.
964 480 1021 543 υίέϊ
1035 479 1209 558 Πηλεγόνος

803 585 875 648 216.
893 603 941 648 11.
966 582 1199 662 Ἀκεσσαμενοῖο
1214 583 1371 660 θυγατρῶν

784 763 790 769 .
890 702 940 768 27.
963 689 1077 766 ἆυανΐῆ

804 806 876 872 217.
912 791 941 856 6.
965 791 1004 875 τῷ
1020 788 1046 852 δ’
1062 788 1152 874 ἑτέρῳ
1167 813 1219 867 μιν

911 896 941 958 8.
964 895 1099 973 δεύτερος
1114 893 1175 956 αὖτ’
1191 891 1336 974 Ἀχιλεύς

893 1014 941 1080 17.
963 1000 1135 1079 μεσοπαγές
1148 993 1175 1058 δ’
1190 993 1237 1074 ἄρ’

892 1121 941 1183 19.
966 1102 1116 1179 Πηλείδης
1131 1097 1157 1163 δ’
1173 1100 1230 1178 ἆορ

890 1204 940 1268 28.
964 1207 1068 1286 φῆσθα
1082 1204 1121 1268 σὺ
1134 1205 1190 1282 μὲν
1204 1205 1341 1280 ποταμοῦ

888 1327 941 1393 32.
965 1309 1012 1372 καῖ
1026 1311 1083 1390 γὰρ
1098 1308 1146 1370 σοὶ
1162 1307 1294 1384 ποταμός
1307 1331 1343 1385 γε

804 1411 876 1477 218.
893 1432 941 1491 14.
966 1412 1033 1475 οὐδὲ
1047 1412 1245 1490 βαθυρρείταο

890 1535 941 1600 23.
964 1515 1018 1578 τὸν
1031 1517 1087 1592 μὲν
1101 1512 1147 1593 ἆρ’
1163 1511 1309 1594 ἐγχέλυές
1324 1537 1357 1574 τε

890 1636 941 1698 27.
965 1621 1058 1696 δῆμον
1074 1617 1266 1696 ἐρεπτόμενοι

890 1740 941 1802 29.
965 1723 1167 1801 ἐπινεφρίδιον
1183 1721 1330 1798 κείροντες

804 1843 876 1906 219.
912 1825 942 1888 6.
965 1824 1074 1902 πλήθει
1089 1825 1147 1905 γὰρ
1162 1821 1197 1900 δή
1212 1847 1264 1900 μοι

891 1947 940 1990 11.
964 1929 1032 1991 ἀλλ’
1050 1929 1106 2007 άγε
1120 1927 1156 2004 δὴ
1172 1927 1221 1988 καὶ
1237 1925 1333 1988 ἔασον

768 2096 773 2107 ,
891 2052 941 2118 13.
966 2031 1104 2110 ἀντιβίην
1118 2029 1137 2107 ή
1152 2030 1203 2092 κέν
1217 2053 1270 2106 μιν

890 2155 940 2200 20.
964 2135 1078 2199 δείελος
1092 2134 1153 2213 ὀψὲ
1169 2135 1248 2194 δύων

890 2238 939 2302 26.
963 2235 1031 2302 τοὺς
1053 2237 1166 2314 ἔκβαλε
1188 2235 1293 2314 θύραζε
1312 2260 1403 2314 μεμν-

996 2341 1052 2406 κιός
1444 2426 1447 2430 ⁴

888 2463 939 2525 29.
963 2444 1111 2527 χέρσονδε
1128 2442 1215 2519 ζωούς
1231 2444 1263 2505 δὲ
1280 2439 1344 2505 σάω

888 2567 939 2632 31.
963 2549 979 2610 ὁ
995 2549 1027 2610 δὲ
1042 2546 1172 2623 πτελέην

802 2669 873 2715 220.
891 2669 940 2714 12.
964 2652 1035 2713 εἵσω
1051 2653 1110 2715 πᾶς

890 2752 937 2813 18.
963 2752 1211 2831 ἀκροκελαινιόων

888 2873 938 2918 2ο.
962 2857 1061 2918 αἰετοῦ
1079 2856 1176 2933 οἴματ’
1191 2855 1272 2936 ἔχων

889 2976 940 3040 23.
965 2957 1051 3042 χύρῳ
1068 2956 1112 3021 ἐνὶ
1126 2963 1256 3036 προαλεῖ

801 3080 873 3128 221.
910 3081 936 3125 1.
959 3063 978 3140 ἤ
993 3087 1031 3141 με
1045 3063 1212 3142 ψεύδεσσιν
1227 3061 1352 3141 ἔθελγεν

888 3185 938 3242 10.
962 3170 1014 3228 νῦν
1029 3161 1055 3226 δ’
1071 3167 1123 3244 ἔμέ
1139 3163 1295 3249 λευγαλέῳ

888 3269 937 3333 16.
960 3271 995 3331 όο
1008 3266 1047 3348 ῥά
1061 3267 1085 3329 τ’
1102 3268 1226 3334 ἔναυλος
1241 3267 1382 3348 ἆποέρσει

888 3371 937 3434 18.
960 3377 1040 3435 τοῖσι
1056 3374 1087 3434 δέ
1101 3372 1200 3448 μύθων
1214 3371 1289 3456 ῆρχε

888 3494 939 3540 20.
965 3474 1058 3553 Ζηνὸς
1073 3473 1289 3554 ἐπαινήσαντος

889 3597 940 3645 22.
962 3576 1003 3658 μῆ
1018 3578 1087 3657 πρὶν
1101 3579 1206 3642 παύειν
1221 3584 1325 3660 χεῖρας

887 3701 938 3763 24.
959 3682 1095 3762 Τρωῖκδν
1108 3681 1141 3746 ὅς
1156 3707 1188 3745 κε
1204 3682 1320 3766 φύγῃσι

887 3786 938 3852 28.
962 3786 1053 3867 αὐτὰρ
1068 3787 1085 3849 ό
1099 3789 1141 3864 βῆ

802 3908 874 3955 222.
908 3909 939 3974 3.
964 3886 1073 3952 κείσεθ’
1088 3885 1137 3952 ὑπ’
1154 3889 1236 3953 ίλύος

909 4007 939 4075 5.
963 3994 1072 4056 εἰλύσω
1109 3991 1299 4072 ψαμάθοισιν
1332 3990 1402 4055 άλις

996 4095 1121 4178 χέραδος
1190 4082 1198 4094 ’

890 4219 938 4263 11.
963 4201 1073 4263 είλύσω
1088 4197 1276 4291 ψαμάθοισω
1397 4207 1401 4212 ’

890 4303 940 4367 16.
962 4303 1075 4382 μυρίον,
1092 4301 1161 4364 ούδέ
1174 4304 1203 4365 οἱ

888 4425 938 4472 21.
962 4405 1046 4469 ἔσται
1059 4409 1229 4485 τυμβοχοῆς
1244 4405 1294 4469 ὅτε
1307 4431 1362 4485 μιν

802 4529 875 4596 223.
912 4530 939 4574 1.
964 4512 1037 4574 κατὰ
1052 4507 1078 4572 δ’
1092 4506 1160 4594 ᾕρεε
1176 4509 1339 4586 Πηλείωνα
