2954 4936
169 227 235 290 τις
627 229 799 291 ιΛιΑΔοΣ
829 228 866 290 ν.
897 226 983 308 (ιιι)

169 395 241 466 237.
278 399 307 447 2.
332 381 472 462 παρθένος
495 381 592 460 ἠΐθεός
613 380 638 443 τ’
659 380 771 462 ὀαρίζε-
909 401 961 466 33.
984 387 1084 462 Τρῶες
1099 381 1148 445 καὶ
1160 380 1272 462 Τριόων
1288 380 1398 463 άλοχοι

364 510 415 550 τον
825 499 897 559 242.
932 498 962 566 5.
985 485 1023 549 ὣς
1038 485 1090 548 οὐκ
1106 483 1171 548 ἔσθ’
1183 483 1217 550 δς
1231 487 1287 561 σῆς
1302 510 1338 564 γε

274 608 305 670 9.
329 588 369 655 ὣς
383 587 428 668 ἀρ’
443 586 489 669 ὅγ’
504 590 655 667 ἔμμεματός
931 600 949 666 7
965 591 998 648 et
1016 605 1065 651 12.
1097 585 1157 650 οὐδ’
1181 588 1210 650 εἴ
1232 612 1283 650 κεν
1309 585 1425 650 δεκάκις

256 710 306 754 11.
330 693 445 773 τείχεος
461 692 525 756 αἰέν
1015 715 1047 752 ff

255 795 304 858 16.
327 792 387 873 ἡδ’
405 795 487 875 ἑτέρη
502 796 581 875 θέρεϊ
910 805 959 871 17.
982 793 1043 857 οὐδ’
1061 797 1150 858 εἶκεν
1165 792 1195 858 σ’
1211 794 1301 857 αὐτόν

253 915 304 961 2ο.
327 897 364 982 τῇ
378 898 416 978 ῥα
431 899 652 980 παραδραμέτην
907 914 958 979 31.
981 894 1005 959 ὦ
1024 899 1110 977 φίλοι
1126 896 1270 979 Ἀργείων
1284 895 1425 978 ἡγήτορες

251 1018 304 1064 21.
328 1002 442 1080 πρόσθε
456 1000 512 1080 μὲν
526 1001 634 1066 ἔσθλὸς
820 1015 891 1081 243.
926 1019 956 1083 3.
980 1001 1079 1079 ἐπειδὴ
1094 999 1172 1065 τόνδ’
1189 1002 1282 1081 ἀνδρα

253 1115 304 1182 25.
325 1103 406 1166 ἀλλά
420 1105 486 1184 περὶ
501 1109 602 1187 φυχῆς
908 1124 956 1186 19.
981 1105 1159 1186 ἀμφοτέρων
1182 1106 1348 1184 μετόπισθε
1370 1129 1423 1168 πο·

254 1219 304 1285 27.
327 1207 393 1287 περὶ
415 1207 543 1287 τέρματα
564 1209 698 1289 μώνυχες
718 1209 731 1270 ἵ
752 1245 764 1258 -
1012 1213 1071 1272 δῶν

359 1335 409 1374 ποι
907 1328 959 1375 21.
983 1313 1016 1375 ἔκ
1031 1314 1148 1394 δίφροιο
1164 1310 1188 1376 δ’
1202 1312 1292 1390 ἔδησε

251 1431 303 1497 3ο.
327 1412 345 1490 ἢ
358 1416 455 1492 τρίπος
469 1414 504 1492 ήέ
518 1413 591 1494 γυνή
818 1430 891 1492 244.
907 1431 958 1478 2ο.
983 1414 1088 1479 τέκνον
1102 1416 1160 1496 ἐγὼ
1175 1415 1260 1493 δειλή

164 1515 237 1599 238.
272 1535 302 1599 3.
327 1515 430 1595 θάρσει
445 1516 625 1596 τριτογένεια
818 1529 889 1596 245.
928 1536 954 1579 1.
979 1521 1053 1581 κατὰ
1066 1519 1174 1582 πτόλιν
1189 1519 1221 1580 σί
1234 1545 1272 1582 σε
1287 1520 1357 1582 θεόν

251 1637 303 1683 22.
327 1619 365 1684 ὡς
380 1619 396 1680 ὁ
412 1618 467 1682 τάν
482 1620 517 1682 οὐ
532 1620 637 1682 δόνοτο
647 1618 764 1700 μάρψαι
926 1638 954 1684 2.
979 1621 1097 1704 εὐχωλὴ
1126 1624 1201 1685 κατά
1230 1623 1307 1684 ἄστυ
1333 1621 1421 1686 πελέ·

141 1705 144 1708 ⁴
357 1723 447 1784 ποσίν
1011 1746 1099 1784 σκετο

251 1837 301 1904 27.
326 1829 386 1888 πῶς
400 1824 433 1888 δέ
447 1850 497 1888 κεν
507 1824 624 1904 Ἕκτωρ
923 1841 954 1899 4.
977 1823 1048 1887 ἀλλ’
1062 1823 1109 1905 ἥγ’
1126 1823 1210 1887 ἰστὸν
1225 1825 1334 1905 ὕφαινε

163 1945 236 2011 239.
273 1945 302 1990 2.
327 1929 459 2008 ἐγγύθεν,
475 1929 513 1994 ὥς
528 1930 556 1990 οἱ
571 1930 687 2008 ἔπῶρσε
907 1944 954 1990 12.
979 1926 1088 1990 ποικίλ’
1104 1926 1241 1992 ἔπασσεν

274 2050 304 2112 9.
329 2028 400 2095 ἀλλ’
416 2031 465 2095 ὅτε
480 2031 515 2110 δή
530 2031 564 2094 τὸ
580 2031 720 2111 τέταρτον
904 2045 953 2107 13.
977 2027 1037 2108 ἡδ’
1053 2031 1134 2096 αὖτις
1149 2033 1264 2118 δμωῇσι

251 2152 301 2194 11.
323 2135 356 2197 ἔν
370 2135 403 2197 δὲ
418 2134 490 2198 τίθει
506 2135 557 2198 δύο
574 2139 641 2215 κῆρε
792 2183 796 2188 -
903 2149 954 2212 24.
978 2135 1050 2210 τῆλε
1064 2131 1090 2196 δ’
1106 2134 1165 2198 ἀπὸ
1181 2136 1288 2216 κρατός

253 2256 303 2321 13.
326 2241 379 2301 νῦν
393 2237 428 2316 δὴ
443 2235 497 2301 νῶί
508 2237 538 2319 γ’
816 2234 888 2310 246.
924 2253 954 2315 9.
978 2237 1055 2317 ἀμφὶ
1070 2236 1103 2299 δέ
1115 2262 1167 2316 μιν
1181 2240 1284 2324 γαλόῳ
1299 2263 1332 2304 τε

252 2354 300 2420 17.
324 2338 398 2418 ἠθεῖ’
414 2340 433 2419 ή
447 2342 530 2419 μάλα
545 2341 580 2420 δή
595 2367 631 2405 σε
904 2353 953 2419 17.
976 2340 1035 2418 ἡδ’
1051 2340 1114 2404 ἔπεὶ
1130 2340 1182 2405 οὖν
1196 2342 1329 2420 ἄμπνυτο

250 2461 301 2508 2ο.
326 2443 403 2506 ἔστω
418 2444 550 2523 φειδωλή
905 2461 953 2525 19.
973 2441 1083 2524 Ἕκτορ
1098 2446 1157 2526 ἔγιδ
1172 2446 1317 2524 δυ’στηνος

249 2565 301 2624 24.
325 2549 363 2614 ὣς
381 2548 499 2627 φαμένη
515 2546 563 2611 καὶ
578 2548 736 2628 κερδοσύνη
888 2563 954 2610 ·22.
979 2547 1123 2627 δύσμορος
1133 2550 1293 2630 αἰνόμορον

249 2669 301 2733 29.
319 2651 380 2731 τρὶς
395 2651 460 2732 περὶ
475 2651 551 2714 άστυ
902 2667 952 2728 24.
975 2649 1070 2733 χήρην
1084 2654 1116 2715 ἔν
1128 2651 1288 2733 μεγάροισι

161 2769 234 2830 240.
258 2784 263 2791 ·
268 2765 300 2834 5.
322 2753 462 2834 μάρτυροι
478 2753 597 2818 ἔσονται
816 2768 888 2833 247.
903 2753 952 2816 26.
976 2756 1131 2832 δευόμενος
1146 2752 1220 2818 δέτ)
1235 2756 1330 2820 άνεισι

270 2871 299 2938 7.
323 2858 469 2936 ἁρμονίων
901 2854 953 2920 28.
976 2854 1073 2920 τῶνδ’
1085 2856 1277 2937 ἐλεησάντων
1292 2859 1417 2937 κοτύλην

267 2959 297 3023 8.
321 2955 380 3045 δφη
395 2961 557 3038 καμμονίην
1006 2985 1049 3025 τις

249 3081 299 3128 12.
323 3063 525 3141 συνημοσύνας
541 3063 664 3143 ἀγόρευε

249 3185 299 3247 19.
323 3165 406 3246 ὅρκια
421 3164 564 3228 ἔσσονται

248 3286 299 3354 23.
323 3267 402 3331 ἀλλά
419 3293 463 3334 τις
484 3268 621 3348 ἀρτιεπὴς
636 3270 683 3332 καὶ
698 3269 760 3332 ε’πί·

355 3382 465 3439 κλοπος
814 3369 885 3448 248.
901 3386 949 3450 13.
972 3372 1011 3437 ὥς
1025 3374 1054 3436 οἱ
1067 3375 1124 3452 μὲν
1135 3374 1318 3459 στενάχοντο

246 3490 298 3558 25.
322 3475 481 3543 ἐπίκλοπος
900 3493 952 3552 24.
975 3477 1096 3540 δεύοντο
1110 3477 1248 3560 ψάμαθοι

247 3579 298 3644 28.
321 3586 381 3645 τῶν
397 3578 460 3644 οὔτ’
474 3580 544 3660 ἔμδν
556 3581 646 3664 ἔγχος
657 3581 761 3645 ἄλευαι
899 3579 949 3644 28.
974 3578 1105 3661 ὄάκρυσν
1130 3588 1212 3647 ποῖον
1225 3581 1284 3664 γάρ

244 3701 297 3768 3ο.
321 3684 462 3766 χάλκεον,
478 3686 518 3751 ὣς
532 3684 567 3764 δή
581 3710 632 3765 μιν
647 3691 691 3770 σῷ
813 3700 885 3767 249.
919 3704 949 3769 3.
972 3685 1060 3767 χαῖρέ
1073 3711 1135 3765 μοι,
1150 3685 1174 3750 ὦ
1192 3687 1349 3766 Πάτροκλε

159 3803 231 3864 241.
266 3806 298 3865 4.
323 3791 377 3850 νῦν
391 3791 424 3878 δὲ
438 3787 473 3866 δὴ
489 3789 592 3868 ἔγγθθι
606 3814 656 3866 μοι
901 3806 951 3850 10.
972 3789 1080 3869 μυρίοι,
1093 3791 1182 3871 αάτάρ
1197 3793 1214 3854 ὁ
1227 3797 1327 3855 τοῖσιν

264 3890 295 3954 6.
316 3891 358 3970 μὴ
374 3893 433 3968 μάν
450 3892 579 3954 ἀσπουδί
594 3916 630 3972 γε
900 3911 936 3953 11
942 3941 949 3955 .
972 3893 1068 3972 πάντη
1083 3891 1109 3956 δ’
1124 3895 1202 3976 ἀμφὶ
1216 3894 1303 3960 νέκυν

265 4008 294 4074 7.
317 3996 441 4073 οἴμησεν
456 3998 481 4057 δ’
497 3995 578 4060 ἀλείς
900 3997 949 4059 16.
973 3999 1087 4083 σπουδῇ
1102 4000 1334 4078 παρπεπιθόντες

247 4115 296 4160 10.
319 4097 443 4178 ἕσπερος
459 4096 491 4164 ἀς
508 4097 668 4164 κάλλιστος
811 4112 883 4181 250.
918 4121 947 4186 3.
971 4100 1047 4178 ἦλθε
1062 4101 1088 4164 δ’
1103 4103 1152 4165 ἔπὶ
1167 4103 1252 4186 ψυχή

246 4219 296 4284 13.
319 4202 357 4268 ὣς
372 4203 479 4284 αίχμῆς
494 4200 643 4282 ἀπέλαμπ’
919 4225 950 4287 9.
973 4204 1008 4268 οθ
1021 4203 1077 4284 μέν
1089 4232 1144 4286 μευ
1157 4207 1281 4283 ζώοντος
1295 4206 1408 4287 ἀκήδεις

246 4320 295 4382 17.
319 4309 371 4367 τοῦ
386 4307 419 4367 δὲ
435 4305 482 4368 καὶ
497 4306 576 4369 ἀλλο
591 4307 683 4370 τόσον
898 4324 947 4372 12.
969 4305 1063 4372 θάπτε
1076 4333 1115 4386 με
1129 4307 1193 4372 ὅττι
1205 4308 1337 4392 τάχιστα

245 4422 296 4483 24.
319 4408 400 4487 ὄφρα
414 4409 445 4471 τί
456 4433 506 4486 μιν
520 4410 684 4490 προτιείποι
899 4429 946 4489 14.
971 4411 1039 4474 οὐδέ
1052 4407 1147 4489 μέπω
1161 4413 1327 4494 μίσγεσθαι

243 4527 295 4593 31.
318 4515 403 4589 σῶμα
418 4514 450 4575 δὲ
464 4511 555 4576 οἴκαδ’
572 4515 643 4592 ἔμόν
898 4513 946 4577 18.
971 4516 1023 4578 καί
1033 4539 1085 4594 μοι
1099 4515 1149 4582 δάς
1163 4515 1215 4596 τήν
1229 4513 1303 4599 χεῖρ’

1028 3219 1064 3281 ψ.
1116 3221 1199 3304 (τι)
