2954 4936
134 214 197 279 138
535 220 706 279 νοιοοον
737 220 769 280 P.
799 171 894 298 (1⁷).

133 370 173 450 ὦς
197 368 248 441 καὶ
273 379 328 458 τῆς
361 369 488 456 Ἑλένης
516 368 551 442 τδ
577 369 668 463 ῦνομα
693 369 801 467 ἤρκεσε
831 380 874 471 τῷ
900 369 1052 470 Εῦριτίδη
1077 366 1151 467 τρδς
1179 379 1283 438 πᾶσαν

134 484 287 580 λοιδορίαν,
306 485 445 582 λέγοντος
464 497 486 528 “
495 486 616 574 Ἑλένη,
635 487 670 558 τί
683 520 729 559 σοι
748 487 866 582 λέγοιμ’
880 488 916 559 ἄν
927 488 957 573 ;”

185 592 256 678 νόο.
286 603 365 683 *τίς
382 636 430 675 κεν
446 600 499 704 ᾗσι
517 599 640 702 φρεσίν]
666 603 798 702 ε’νάλλρ
815 605 874 686 τίς
891 605 918 675 κ’
936 599 1026 705 ᾗσιν
1047 599 1096 674 {v}
1116 598 1249 696 φρεσίν
1260 629 1269 685 ;

184 720 280 791 τῶνδ’
296 721 408 819 ἄλλων]
434 719 478 790 ῦτι
496 718 659 808 Ζηνθδοτος
676 728 777 792 τοῦτον
800 719 851 791 καὶ
868 719 918 793 τδν
935 723 1003 807 έξῆς
1019 715 1167 809 ἦθέτηκεν.
1204 715 1284 788 οῦδὲν

134 837 166 907 δέ
191 836 311 933 έχουσιν
337 836 381 916 εἷς
407 836 588 923 ε’παιτίασιν,
606 835 677 908 ἀλλ’
695 836 818 918 αῦξουσι
836 836 871 909 τῦ
896 839 1021 933 μέγεθος
1041 846 1097 925 τῆς
1121 834 1193 929 ῦπέρ
1211 841 1313 905 Πα-5

133 951 259 1048 τρῦκλου
275 956 392 1048 μάχης.

185 1079 256 1162 263.
282 1067 445 1168 προχοῇσι]
468 1068 748 1165 προχοδιςὌμηρος
774 1071 858 1166 λέγει
879 1071 936 1151 τδς
963 1070 1008 1147 εἷς
1032 1071 1195 1140 θάλασσαν
1210 1099 1282 1164 προ-

133 1185 242 1280 χῦσεις
262 1196 318 1257 τῦν
338 1196 489 1280 ποταμῦν,
508 1184 589 1256 αῦτδι
611 1187 651 1258 τδι
674 1185 825 1280 στάματα.
857 1187 1038 1267 διιπετέος
1061 1187 1092 1259 δέ
1119 1186 1279 1263 διοπετοῦς·

56 1356 59 1360 ›
134 1303 162 1373 οἱ
176 1303 235 1399 γδιρ
252 1300 361 1399 ῦμβροι
379 1301 436 1374 αἰπδ
454 1301 539 1381 Διάς.

186 1429 257 1509 264.
285 1415 481 1516 *sse'sspvxed
508 1419 537 1491 έν
553 1428 592 1520 τῇ
609 1419 690 1491 κατδι
707 1421 914 1513 Ἀριστοφάνη
935 1427 982 1502 βε
989 1419 1120 1518 βρῦχη.
1299 1433 1336 1472 10

185 1547 256 1629 265.
285 1535 407 1608 Σίλωνά
439 1549 521 1629 φασι
551 1535 601 1607 τῦν
630 1538 791 1628 νομοθέτην,
825 1538 1036 1631 μιμησάμενον
1065 1537 1119 1623 τὴν
1146 1533 1283 1630 Ὁμήρου

133 1653 251 1742 ποίησιν
268 1653 297 1725 έν
313 1652 437 1739 ἅπασιν,
457 1653 553 1724 ένθῶε
574 1651 726 1748 χευάμενον
742 1652 795 1723 καὶ
811 1651 1007 1750 προσσχῦντα
1024 1660 1067 1749 τῷ
1085 1650 1188 1748 στίχῳ
1203 1647 1283 1738 σφά-

133 1774 188 1868 δρα
207 1768 273 1842 κατ’
292 1765 405 1852 εῦεξίαν
422 1769 656 1866 ε’πιτετενγμένρ
674 1770 863 1867 διαπορῆσαι,
883 1767 936 1840 καί
961 1771 1160 1858 θαυμάσαντα
1186 1799 1284 1838 κατα-

132 1895 243 1958 καῦσαι
270 1889 368 1957 πάντα
390 1887 431 1957 τδι
455 1920 465 1957 ι
488 1920 519 1957 ια
545 1885 723 1979 σκέμματα.
752 1895 808 1974 τῆς
829 1885 889 1980 γάρ
906 1884 1082 1974 έπαλλῆλου
1099 1895 1154 1956 τῦν
1172 1883 1284 1956 ῦδάτοιν

133 2005 265 2092 έκβολῆς
287 2006 306 2091 ἡ
327 2011 380 2074 τοῦ
404 2002 556 2088 βοθυσιν
581 2000 783 2081 οἷναδίπλυσις
805 2002 907 2094 ὁμοίαν
932 2003 1102 2074 ἀπετέλεσε
1130 2001 1282 2098 συνῳδίαν.
1300 2024 1337 2084 15

133 2119 184 2192 καὶ
205 2122 347 2216 ἀλλαχοῦ
366 2130 478 2215 χρῆται
496 2128 535 2219 τῇ
552 2120 644 2203 λέξει’
672 2130 693 2162 “
705 2118 773 2192 οῦτε
789 2121 950 2208 θαλάσσης
966 2129 1049 2213 κῦμα
1066 2118 1154 2192 τάσιν
1170 2119 1282 2215 βοάᾳ”

134 2239 367 2335 (11.14,394).

184 2363 254 2432 268.
284 2352 512 2451 *φραχθέντες]
537 2352 699 2440 Ζηνοδοτος
716 2353 891 2450 άρθέντες.

181 2470 265 2567 ἀμφὶ
295 2470 319 2542 δ’
341 2470 400 2567 άρα
431 2467 518 2564 σφιν]
550 2470 598 2542 έπῖ
628 2480 704 2571 τιμῇ
730 2479 782 2542 τοῦ
810 2469 994 2568 Πατρόκλου
1022 2479 1109 2542 τοῦτο
1139 2470 1283 2560 φαίνεται

130 2591 276 2687 πράττων,
295 2585 393 2686 ῦσπερ
411 2584 462 2658 καὶ
481 2585 529 2658 ἐπὶ
547 2585 732 2682 Σαρπηδθνος
750 2590 806 2680 (Il.
822 2596 870 2672 16,
888 2590 968 2681 459)
988 2588 1231 2680 “aiparoe'ooac
1252 2587 1284 2659 δὲ
1300 2618 1339 2658 20

131 2706 277 2794 ψιοιδας.”

183 2847 255 2914 270.
283 2818 449 2918 *ἦχθαιρε]
474 2818 678 2917 Ἀρίσταρχος
696 2820 744 2891 διδι
762 2827 813 2892 τοῦ
830 2822 856 2905 ε,
874 2819 1030 2917 ἔχθαιρε.

184 2964 256 3029 272.
282 2935 428 3034 μίσησεν]
454 2932 532 3016 ι’δίονς
549 2936 695 3032 κέχρηται
714 2945 753 3035 τῇ
773 2938 861 3022 λέξει,
880 2934 932 3007 καὶ
949 2935 1033 3022 ἅπαξ
1057 2970 1094 3032 γε
1119 2945 1166 3008 νῦν
1186 2937 1281 3030 μάνου.

132 3055 216 3148 λέγει
235 3050 277 3136 δὲ,
294 3050 422 3144 μισητδν
438 3054 576 3147 η’γῆσατο
596 3051 752 3148 ε’γκῦρημα
776 3052 914 3146 γενέσθαι
933 3050 1005 3124 κυσὶ
1022 3052 1072 3124 τδν
1087 3056 1284 3150 Πάτροκλον.

184 3193 257 3262 273.
285 3165 461 3265 *ἓταίρους]
486 3167 514 3238 ἔν
530 3167 615 3265 άλλιρ
630 3167 812 3263 Ἀχαιούς.
1301 3203 1338 3264 25

180 3285 267 3384 [279.
295 3281 433 3381 τέτυκτο]
458 3280 548 3365 οῦτυς
564 3282 769 3381 Ἀρίσταρχος
786 3285 924 3358 τέτυκτο·
952 3286 1041 3358 άλλοι
1061 3286 1214 3362 ε’τέτυκτο.

182 3399 274 3498 Αἴας]
298 3399 330 3480 δς
347 3397 398 3471 καὶ
416 3399 567 3499 εὐμορφία
584 3399 635 3473 καί
648 3411 711 3482 τοῦς
728 3400 838 3483 ἄλλοις
856 3401 953 3498 ’έργοις
971 3401 1089 3499 διέφερε
1107 3413 1164 3476 τῦν
1181 3403 1287 3476 ἄλλων

131 3521 245 3590 πάντων
260 3518 421 3605 Ἑλλήνων.

184 3643 256 3727 285.
277 3631 312 3706 τῦ
327 3637 394 3731 ρἐἴα
412 3634 454 3714 εἷς
471 3632 505 3706 τδ
524 3634 699 3706 έσκέδασε..

183 3780 222 3845 29
224 3773 255 3843 5.
282 3747 378 3848 ἤρικε]
398 3747 580 3846 ένεργητικδν
597 3748 662 3821 ἀντὶ
679 3758 852 3839 παθητικοῦ.
885 3751 1029 3846 σημαίνει.
1045 3753 1077 3826 δὲ
1094 3752 1128 3826 τῦ
1146 3753 1284 3844 διεκάπη.
1302 3793 1340 3851 30

171 4000 199 4055 9.
220 3983 271 4039 ἀπὸ
285 3977 447 4051 Bekkerus]
462 3980 513 4035 ὑπὸ
724 3996 812 4035 manu
846 3978 1005 4038 recentiore
1039 3982 1176 4060 suppleta
1204 3989 1285 4057 sunt,

176 4081 220 4120 12.
243 4056 428 4139 προσσχόντα]
443 4062 592 4133 προσχόντα
724 4058 840 4117 scholiis
854 4060 975 4119 omissis.

176 4146 219 4202 16.
242 4143 281 4202 In
307 4161 398 4218 marg.
421 4146 486 4212 κῦμα
508 4143 587 4195 τόσον
608 4141 683 4210 βοάα,
768 4140 814 4199 26.
831 4139 947 4200 Scholia
963 4163 1100 4202 versuum
1118 4157 1283 4222 279-—572

133 4221 240 4295 κύματος
253 4227 367 4293 ἐκβολαί.
723 4239 759 4278 ex
790 4221 887 4280 codice
913 4223 1012 4282 Athoo
1040 4226 1139 4296 sumi,
1161 4227 1198 4285 (le
1224 4249 1286 4306 quo

175 4324 220 4379 ²3·
242 4303 308 4363 Ηοο
329 4302 458 4362 scholion
478 4299 616 4359 ultimum
640 4305 684 4358 est
723 4320 810 4376 supra
827 4301 938 4362 dictum
953 4310 997 4364 est
1011 4306 1049 4364 ad
1059 4305 1115 4365 vol.
1135 4327 1148 4365 1
1165 4328 1194 4384 p.
1214 4323 1285 4384 251,

131 4382 194 4442 folii
217 4389 273 4444 228
294 4386 333 4445 b:
363 4384 434 4442 folia
457 4400 615 4458 229-234
640 4379 681 4460 (v.
726 4393 772 4454 ²7·

134 4464 318 4545 277-577.)
341 4486 433 4542 quum
457 4462 638 4533 excidissent,
666 4481 683 4519 a
