2954 4936
543 225 714 287 ιΛιΑΔοΣ
744 228 782 288 0.
813 225 898 306 (15)
1252 222 1292 283 νε

193 399 233 466 27
235 396 266 468 5.
294 373 359 474 λίς]
375 374 457 474 παρδι
474 371 509 446 τδ
526 374 635 473 λιαρίν,
653 373 672 464 ῆ
690 372 724 446 τδ
743 377 830 462 έλεῒν,
847 374 865 466 ῆ
883 373 917 448 τδ
935 385 1023 448 λεῖον·
1049 385 1130 456 λεῖος
1146 375 1206 473 γδρ
1224 374 1292 455 ίλος

139 492 221 580 πλῆν
237 501 295 581 τῆς
311 491 432 586 χαίτης.
459 487 478 580 ῆ
495 490 578 590 παρὰ
594 491 628 562 τδ
646 486 714 562 λίαν
730 490 870 587 φθείρειν.

192 629 268 698 277.
295 610 387 679 πάλιν
403 604 437 679 vo*
455 602 533 688 είονς
553 606 619 678 ἀντὶ
640 615 691 680 τοῦ
711 607 785 687 τέως
808 616 917 679 κεῖται.
945 607 997 678 ούκ
1012 606 1071 706 άρα
1089 606 1288 702 ύποστιγμῆν,

138 723 226 795 ἄλλα
245 724 379 819 στιγμῆν
396 723 492 796 θετέον
509 718 559 796 ἒπί
572 721 606 796 τδ
623 723 878 820 ἀμφιγύοισιν.

193 846 270 912 280.
295 851 388 912 πᾶσιν
408 840 440 913 δέ
458 833 553 938 παραί
575 835 648 912 ποσί
669 843 808 912 κάππεσε
831 837 935 937 θνμίς]
960 837 1016 916 τδις
1041 837 1146 933 ψυχῆς
1170 837 1320 926 ε’ταπει·5

140 953 272 1044 νούθησαν
296 952 441 1046 ἅπαντες,
466 957 734 1052 λιποψιχῆσαντες
758 957 812 1045 τῆν
837 955 984 1054 σωτηρίαν
1007 953 1089 1052 παρδι
1114 963 1178 1035 τοῖς
1203 951 1290 1026 ποσὶν

139 1067 230 1167 εἶχον.

192 1195 264 1261 288.
291 1184 595 1286 ῆ]διαβεβαιατικο’ς
613 1187 691 1260 ἔστι·
717 1185 759 1260 διδ
776 1187 996 1286 περισπαστέον
1013 1185 1111 1258 αύτάν.

192 1303 267 1376 *ύτι
284 1304 318 1375 τδ
336 1305 385 1392 θῆν
401 1301 467 1377 άντδ
485 1312 536 1377 τοῦ
552 1336 618 1376 πον.

190 1446 266 1514 293.
295 1418 367 1492 *ύτι
384 1420 520 1518 πράμος
538 1430 645 1514 σαφῶς
662 1424 676 1493 ὅ
693 1419 861 1518 τρύμαχος.
1304 1455 1341 1495 10

190 1559 264 1628 297.
292 1533 362 1618 *ῆς
378 1535 441 1635 κεν]
456 1540 612 1635 γράφεται
630 1535 681 1609 καὶ
698 1536 736 1609 εί
748 1570 818 1610 κεν.

189 1660 262 1746 298.
289 1651 402 1750 δούρατ’
428 1649 643 1751 άνασχύμενοι]
672 1653 736 1743 ῆτοι
769 1653 930 1725 σνναπτέον
959 1661 1000 1750 τῷ
1030 1651 1237 1736 άντιάσαντες,
1267 1647 1286 1738 ῆ

136 1768 339 1842 διασταλτέον
364 1771 418 1842 ἀπ’
443 1769 544 1857 αὐτοῦ,
570 1765 603 1842 ἵν’
628 1763 649 1869 ῆ
677 1769 712 1842 πδ
740 1772 809 1859 ἑξῆς
843 1768 982 1863 στείομεν
1011 1768 1127 1866 δούρατ’
1152 1765 1287 1864 άνασχύ-
1367 1827 1372 1835 ,

134 1917 228 1979 μενοι.

189 2030 263 2096 299.
291 1999 353 2074 *rb
371 2011 464 2104 θυμῷ
481 2006 630 2104 ἑκατέροις
647 2004 768 2077 δύναται
786 2002 1010 2103 προσδίδοσθαι.
1302 2033 1338 2094 15

187 2147 264 2212 301.
292 2118 482 2208 *Ζηνύδοτος
499 2115 551 2192 καί
566 2119 791 2215 Ἀριστοφάνης
807 2119 943 2192 Αίαντε
960 2119 1074 2200 δνϊκῶς.

188 2264 261 2329 302.
288 2231 423 2332 Μέγην]
437 2237 641 2335 Ἀρίσταρχος
668 2237 789 2336 βαρύνει
820 2238 856 2318 ὦς
883 2247 905 2279 “
916 2236 1066 2323 Μέσθλην
1090 2266 1124 2306 τε
1149 2233 1285 2306 Γλαύκύν

136 2349 193 2423 πε”
218 2350 275 2449 (Π.
299 2375 348 2443 17,
371 2352 463 2449 216)·
491 2351 542 2426 καὶ
568 2353 690 2443 ἐπείσθη
715 2359 734 2444 ῆ
758 2354 934 2452 παράδοσις.
960 2357 974 2426 o‘
1000 2353 1031 2424 δὲ
1056 2350 1284 2438 Ἀσκαλωνίτης

134 2465 187 2538 καί
205 2467 294 2541 άλλοι
312 2478 496 2564 περισπῶσιν
513 2471 551 2552 ὦς
562 2470 676 2569 Ἑρμῆν
693 2468 744 2543 καί
762 2470 872 2558 Ποδῆν·
899 2469 939 2542 τδι
955 2468 1015 2567 γδιρ
1034 2468 1077 2550 εἷς
1090 2472 1126 2557 ἠ’ς
1139 2467 1282 2563 λῆγοντα,

133 2581 229 2678 φασδ,
243 2585 394 2683 βαρύτονα
411 2587 599 2674 δισύλλαβα,
616 2585 674 2660 άπδ
691 2586 844 2685 βραχείας
856 2585 1020 2685 άρχύμενα,
1037 2585 1284 2683 περισσοσνλλά-
1298 2604 1336 2646 20

133 2707 201 2785 βας
226 2699 371 2788 κλίνεται,
389 2703 512 2791 λέβητα
538 2707 683 2799 Λάχητα·
709 2705 737 2777 εί
762 2703 861 2800 δὀύχ
887 2700 976 2784 ούτονς
1002 2700 1084 2775 έκλίθ
1104 2757 1112 2786 ,
1131 2701 1217 2791 δῆλον
1235 2699 1282 2774 ’ύτι

132 2817 427 2911 περισπασύῆσεται·
452 2819 556 2902 άλλως
581 2852 615 2892 τε
642 2821 670 2893 ει’
695 2820 795 2918 εὑρέθη
820 2819 911 2891 αύτοῢ
936 2823 955 2910 ῆ
980 2819 1135 2908 αι’τιατικῆ
1161 2819 1198 2898 ὧς
1223 2814 1282 2889 άπδ

132 2932 298 3030 βαρντίνον
328 2936 512 3024 ((Φνλείδην
537 2969 572 3009 τε
598 2936 756 3033 Μέγητα”
787 2936 843 3034 (ΙΙ.
865 2964 915 3029 19,
936 2935 1028 3032 239),
1043 2929 1095 3009 ’ίτε
1120 2936 1165 3029 μῆ
1191 2931 1282 3014 ούτοις

133 3047 213 3145 ἔχει,
239 3052 530 3148 τεριστασθῆσεται,
563 3055 601 3134 ὥς
635 3060 740 3142 Θαλῆν
769 3051 822 3126 καί
851 3055 985 3141 Θάλητα
1013 3048 1064 3124 καὶ
1099 3058 1205 3140 Φαλῆν
1230 3043 1283 3121 καί

131 3167 278 3254 Φάλητα.
313 3165 380 3240 έστι
407 3167 438 3240 δὲ
464 3168 535 3264 ύπέρ
561 3177 613 3241 τοῦ
638 3172 835 3268 Ἀριστάρχου
861 3167 934 3264 πρδς
959 3168 1068 3250 αύτούς
1093 3177 1202 3266 πρῶτον
1226 3168 1281 3259 μέν
1296 3184 1333 3246 ²5

132 3281 224 3355 έκεῖνο
242 3283 344 3368 εἰπεῖν,
359 3280 409 3356 ’ύτι
431 3285 489 3380 οὗχ
511 3289 615 3367 ἅπλῶς
635 3286 676 3358 τδι
696 3287 740 3366 ει’ς
761 3290 807 3374 ἧς,
824 3285 909 3357 άλλδι
933 3285 974 3357 τδι
1000 3285 1043 3366 εἷς
1069 3290 1124 3373 τ“η’ς
1148 3285 1282 3380 λῆγοντα

132 3399 188 3487 τῆν
216 3401 423 3498 προειρημένην
453 3401 633 3498 ἀναδέχεται
663 3399 775 3488 κλίσιν,
802 3399 866 3474 ἐπεὶ
896 3401 937 3474 τδι
966 3403 1067 3474 πολλά
1096 3401 1163 3472 ἔστι
1190 3403 1282 3498 διχῶς

132 3516 309 3610 κεκλιμένα.
333 3514 368 3589 τδ
393 3525 463 3613 γοῦν
486 3518 592 3607 Μύνης
616 3523 631 3591 ὅ
654 3520 710 3614 μὲν
734 3520 858 3609 ποιητῆς
882 3519 1175 3617 περιττοσνλλάβως
1197 3516 1280 3589 έκλι-

132 3663 177 3704 νεν
196 3633 230 3726 (“
239 3633 347 3728 πέρσεν
364 3632 394 3706 δὲ
412 3631 498 3706 πάλιν
515 3634 599 3707 θείοιο
617 3635 783 3724 Μύνητος”
800 3644 838 3710 IL
859 3663 909 3731 19,
928 3640 1017 3731 296),
1040 3638 1054 3708 ὅ
1072 3634 1103 3707 δὲ
1119 3641 1282 3723 Σοφοκλῆς

132 3747 352 3835 ι’σοσνλλάβονς
369 3750 502 3822 “Μύνον
527 3749 554 3824 τ’
569 3750 780 3847 Ἐπιστρίφον
805 3752 869 3824 τε.”
892 3751 1016 3847 μύκητα
1038 3783 1072 3823 τε
1097 3747 1150 3822 καὶ
1174 3748 1280 3843 μύκην,
1294 3773 1335 3831 3ο

133 3864 163 3935 εί
182 3859 236 3936 καί
259 3866 362 3937 πολλδι
388 3863 527 3960 σημαίνει
545 3870 564 3957 ῆ
581 3868 673 3953 λέξις.
700 3865 751 3939 καί
772 3864 820 3940 ’ύτι
844 3867 876 3940 οὗ
899 3865 933 3939 τδ
955 3869 1062 3965 μέτρον
1084 3863 1178 3938 αίτιίν
1201 3865 1279 3951 ἔστι,

132 3977 222 4069 δῆλίς
248 3980 331 4054 ἔστιν
353 3981 519 4065 Ἑκαταῖος
548 3980 638 4065 ούτοις
664 3982 776 4066 κλίνας.
813 3981 894 4077 φησὶ
922 3983 982 4081 γὰρ
1009 3982 1090 4056 “καῖ
1116 3982 1281 4073 έπαφῆσας

175 4186 221 4242 13.
243 4169 320 4223 αὐτοῦ
333 4164 458 4247 ΡτίεάΙ]
472 4171 554 4225 αὐτῶν
725 4169 770 4234 ’τἠῑ
783 4166 930 4226 Iaehrsius.

174 4266 221 4322 23.
243 4243 381 4328 Φυλείδην]
396 4248 539 4322 φυλλτίδην
768 4262 815 4322 27.
835 4251 891 4306 ἐπεὶ
903 4252 935 4305 τὰ
963 4250 1051 4305 ἔπειτα
1063 4245 1211 4306 ῙιθΙΙΓθὶιιε.

174 4347 218 4401 24.
241 4323 307 4410 ἔχει]
322 4331 370 4402 ἔχῃ
766 4327 1278 4405 ηατεθαίοοτᾶιιεαᾶῦλοετοοοεο.

171 4405 289 4492 θάλησεν]
305 4411 403 4481 θαλῆτα
723 4431 752 4488 p.
766 4430 831 4484 140,
842 4407 872 4490 3]
889 4435 928 4486 γε.
942 4411 978 4471 V.
991 4429 1064 4490 quae
1078 4409 1115 4470 ad
1130 4409 1280 4488 Sophoclis

173 4492 220 4549 26.
240 4494 272 4547 τὰ
286 4493 322 4550 εἶτ
337 4488 394 4571 ἧς]
415 4493 446 4549 τὰ
463 4493 587 4567 ῥηματικὰ
600 4495 634 4565 μῆ
648 4495 683 4553 εῖτ
723 4493 758 4552 fr.
774 4507 811 4568 57
826 4492 897 4553 dixi.
