2954 4936
193 203 261 264 210
594 203 763 262 ικικαοσ
794 204 833 262 ψ.
864 199 950 283 (21)

195 360 295 428 πάντα
323 354 454 440 ὧξνίνετο,
484 351 584 449 άγμίς
608 353 732 450 ψνγμάς
758 353 885 451 λνγμάς.
916 354 999 426 δοκεῖ
1021 352 1052 425 δὲ
1082 351 1115 424 τδ
1141 349 1233 447 ῦγμος
1260 349 1345 419 άντι-

192 480 317 546 κεῖσθαι.

241 599 314 679 486.
343 587 402 661 *ἓν
418 587 568 687 πνεύμονι]
590 589 619 661 ἓν
636 588 720 686 άλλρ
731 563 770 661 ’ἓν
787 588 890 677 νηδιίϊ
907 586 1033 685 χαλκίς.

241 716 316 800 496.
346 705 546 804 *ε’ῦκτιμίιη]
570 740 619 805 γρ.
643 707 816 804 ε’ῦτροχάλρ
834 705 862 776 ἓν
879 706 972 807 άλονῆ.

163 882 167 889 .
241 848 313 916 497.
341 821 413 922 ῦπο]
442 823 493 895 οῦκ
520 825 737 921 άναστρεπτέον
762 823 815 911 τῆν
844 819 991 921 πράθεσιν·
1025 820 1089 916 ’ἔχει
1117 820 1176 916 γάρ
1203 819 1377 902 σῦνταξιν5

190 937 263 1037 πρδς
288 941 341 1027 τῆν
362 939 574 1037 ἐπιφερομένην
599 940 714 1026 δοτικῆν
740 940 793 1026 τῆν
817 938 963 1025 ποσσίν,
989 935 1096 1032 ὅμοίως
1120 943 1161 1035 τῆ
1186 931 1257 1016 “ιῦς
1282 934 1342 1032 ἄρα

190 1065 246 1127 τῦν
264 1054 318 1129 ῦπδ
335 1053 430 1128 ποσσί
448 1055 603 1136 κονίσαλος
620 1052 716 1153 ὄρνυτ’
732 1052 873 1142 άελλῆς”
892 1056 999 1148 (11.3,
1016 1061 1081 1147 13).

239 1200 316 1266 503.
343 1170 448 1271 λῦθρρι]
475 1172 577 1267 λίθρος
600 1175 615 1242 o‘
641 1171 675 1242 εἰς
700 1180 868 1266 πολεμικῆς
893 1169 1040 1268 ἐνεργείας
1066 1165 1239 1266 μολνσμδς,
1262 1164 1282 1256 ῆ
1305 1164 1341 1238 τδ

188 1289 271 1382 μετδι
288 1296 431 1383 κονιορτοῦ
449 1284 500 1358 καὶ
518 1287 637 1384 ἱδρῶτος
654 1285 823 1383 άνθράπειον
839 1283 928 1380 αἷμα.

241 1407 432 1500 Παράκειται
458 1404 497 1474 τῦι
513 1401 715 1497 Ἀριστονίκαν
742 1411 857 1494 σημεῖα
883 1401 935 1475 καί
960 1403 1001 1475 τά
1027 1401 1163 1493 Διδιίμον
1187 1397 1256 1500 περὶ
1283 1408 1340 1487 τῆς
1358 1421 1395 1461 10

187 1519 421 1616 Ἀρισταρχείον
447 1517 631 1616 διορθάσειος,
657 1520 723 1592 τινῦι
750 1521 780 1592 δὲ
806 1517 857 1592 καί
883 1521 917 1593 ἐκ
940 1530 996 1622 τῆς
1011 1519 1149 1608 Ἰλιακῆς
1172 1514 1341 1617 προσῳδίας

187 1635 365 1732 Ἡρωδιανοῦ
382 1634 432 1708 καί
451 1635 484 1708 ἔκ
502 1645 557 1707 τῦν
574 1636 736 1734 Νικάνορος
753 1631 822 1732 περί
839 1647 985 1732 στιγμῆς.

637 1951 704 2010 ΕΙΣ
728 1951 819 2011 ΤΗΝ
842 1953 882 2011 Φ.

240 2137 268 2180 1.
294 2107 390 2208 πάροι]
414 2109 478 2198 ῆτοι
497 2108 546 2182 τῦν
562 2107 706 2204 ποταμδν,
723 2119 977 2206 περιφραστικῦς,
992 2107 1011 2199 ῆ
1028 2105 1062 2181 τδ
1082 2107 1228 2195 διαβατδν
1245 2109 1339 2181 αῦτοῦ

184 2227 285 2322 μέρος,
311 2225 373 2298 καθ’
395 2225 410 2299 δ
437 2226 654 2324 διαπορεῦονται
673 2224 770 2298 αῦτίν.
801 2227 851 2298 διδι
871 2225 905 2298 τί
928 2227 959 2298 δὲ
984 2229 1098 2298 πάντων
1121 2236 1177 2297 τῦν
1194 2235 1338 2320 ποταμῦν
1354 2256 1390 2317 15

185 2342 217 2427 ἔξ
234 2341 377 2417 Ὠκεανοῦ
401 2341 518 2441 ρἐίντονν
534 2340 618 2437 μίνον
637 2339 685 2414 τδν
702 2345 812 2419 Ξάνθον
828 2345 843 2413 ῦ
859 2343 985 2431 ποιητῆς
1002 2357 1099 2433 φησιν
1115 2340 1175 2414 “δν
1191 2343 1337 2423 ἀθάνατος

183 2460 286 2532 τέκετο
303 2459 379 2540 Ζεῦς
390 2461 424 2543 ;”
449 2468 510 2540 πῦς
533 2455 589 2545 οῦν,
607 2455 697 2548 φησί,
716 2456 767 2530 καὶ
783 2457 927 2531 Ὠκεανοῦ
952 2457 1003 2531 καὶ
1020 2458 1096 2539 Διδς
1112 2469 1186 2540 παῖς
1196 2491 1209 2542 ;
1233 2459 1337 2555 ῥητέον

183 2573 291 2648 οῦνάτι
317 2574 436 2658 είκάτονς
460 2571 494 2647 άν
511 2574 563 2648 καί
584 2574 659 2656 Διδς
684 2585 806 2647 καλοῖτο
832 2586 914 2659 παῖς,
942 2575 1007 2671 είγε
1033 2577 1062 2649 οἱ
1085 2573 1194 2672 ῦμβροι
1220 2575 1277 2667 μὲν
1302 2575 1337 2647 εἰς

183 2691 269 2779 Διδς,
286 2689 390 2789 ῦμβριρ
414 2693 445 2765 δὲ
471 2689 555 2773 οῦτος
579 2690 713 2776 αῦξεται.
749 2694 874 2789 φέρεται
901 2693 932 2765 δὲ
957 2691 1008 2766 καί
1032 2692 1115 2783 άλλη
1132 2725 1181 2773 τις
1203 2691 1335 2790 ἱστορία,

182 2807 227 2880 άτι
246 2811 260 2880 o‘
276 2808 434 2904 Ἡρακλῆς
455 2809 528 2880 ποτὲ
554 2806 632 2894 δίψει
659 2805 861 2904 κατασχεθεὶς
878 2807 987 2897 ηῦξατο
1009 2818 1051 2908 τῷ
1072 2807 1164 2906 πατρὶ
1187 2805 1243 2879 Aa}
1269 2808 1336 2880 ἔτι·
1351 2843 1389 2884 20

181 2926 279 3008 δεῖξαι
305 2925 386 3023 αὐτῷ
403 2936 493 3018 νᾶμα,
512 2927 526 2996 o‘
544 2925 575 2996 δὲ
595 2927 640 3017 μῆ
666 2925 754 2996 θέλειν
771 2921 860 2998 αῦτδν
878 2926 1052 3022 τρίχεσθαι,
1070 2926 1163 3023 ῥίψας
1188 2923 1333 3023 κεραννδν,

181 3042 303 3113 ἀνέδωκε
328 3040 436 3139 μικράν
453 3040 582 3128 λιβάδα,
600 3041 633 3129 ῆν
651 3044 835 3135 θεασάμενος
851 3043 866 3112 ὅ
883 3041 1052 3140 Ἡρακλῆς,
1071 3040 1121 3114 καί
1146 3043 1273 3129 σκάψας
1290 3042 1336 3123 εἶς

180 3155 214 3228 τῦ
244 3155 470 3253 πλονσιαίτερον
496 3157 764 3254 μετεισφέρεσθαι,
792 3152 989 3252 μετωνάμασε
1020 3157 1221 3257 Σκάμανδρον,
1249 3155 1335 3232 οἱονεὶ

181 3274 356 3370 Κάμανδρον
387 3271 539 3368 γενάμενον
574 3276 713 3364 καμάτου
742 3276 836 3373 ἑαυτῷ
864 3273 1028 3374 παραίτιον·
1068 3275 1129 3348 ῦθεν
1162 3272 1285 3356 είκάτονς
1319 3278 1335 3346 ὅ

180 3391 305 3479 ποιητῆς
330 3391 383 3478 τῆν
408 3388 516 3462 ἐκείνου
539 3389 656 3486 γε’νεσιν
672 3400 808 3489 προσῆψε
834 3399 876 3490 τῷ
900 3392 965 3464 Διί.
1002 3395 1115 3474 Ξάνθος
1132 3392 1163 3464 δὲ
1181 3418 1333 3490 προσηγο·
1348 3421 1385 3482 ιι5

178 3505 264 3599 ρεῦθη
289 3507 345 3598 ἀφ’
368 3503 400 3576 οῦ
429 3503 569 3603 περὶτοῦ
599 3508 732 3590 κάλλους
759 3505 1001 3606 ἔκρίνοντοἭρα
1025 3507 1136 3598 Ἀθηνᾶ
1159 3505 1333 3606 Ἀφροδίτη,

181 3619 225 3690 ίτι
247 3621 275 3691 ἓν
292 3621 371 3719 αὐτῷ
389 3623 572 3716 λονσάμεναι
590 3623 696 3705 ξανθδις
713 3623 804 3720 ἔσχον
822 3624 880 3706 τδις
896 3621 1003 3718 κίμας.

229 3735 328 3836 πάροι]
353 3736 402 3808 τδν
427 3737 563 3834 πορεντδν
588 3739 679 3811 αῦτοῦ
700 3738 796 3813 τάπον·
825 3754 845 3784 “
858 3740 908 3813 καί
926 3742 1021 3839 Θρῦον
1038 3740 1189 3832 Ἀλφειοῖο
1214 3741 1303 3841 τιάραν
1312 3742 1331 3769 ”

181 3848 234 3942 (ll.
256 3880 285 3938 2,
304 3854 392 3950 592).
429 3855 458 3925 οἵ
482 3855 513 3926 δὲ
539 3854 587 3926 τδν
611 3860 683 3955 ρὀῦν.
716 3858 745 3929 οἵ
761 3858 792 3931 δὲ
813 3856 897 3954 πάρον
918 3861 1033 3935 Ξάνθον
1050 3857 1130 3930 κατδι
1145 3853 1332 3956 περίφρασιν

180 3963 228 4034 τὸν
244 3971 362 4042 Ξάνθον.
392 3974 616 4068 Ἀριστοφάνης
632 3977 745 4072 γράφει
763 3973 850 4073 ρὀὀν.
1215 4015 1224 4021 ·
1347 4013 1384 4070 30

230 4106 257 4152 2.
285 4084 329 4156 ῦτι
356 4085 519 4175 Ζηνάδοτος
543 4092 657 4185 γράφει
684 4091 871 4176 άθάνατον,
898 4085 944 4163 ἵνα
968 4091 1013 4184 μῆ
1040 4094 1054 4163 ὅ
1079 4090 1156 4172 Ζεῦς
1183 4091 1333 4173 άδάνατος

221 4302 267 4344 11.
290 4297 331 4349 καὶ
345 4293 384 4376 ἐκ]
400 4300 427 4354 ἐκ
441 4318 494 4357 om.
814 4321 858 4360 22.
882 4296 1016 4382 *λιβάδα]
1028 4300 1124 4367 λαβίδα

221 4367 267 4424 18.
289 4367 369 4456 *ofm]
384 4398 438 4438 om.
813 4400 858 4453 24.
881 4377 998 4463 *ἑαυτῆ
1014 4387 1104 4439 ἑαυτοῦ

219 4461 266 4502 20·
291 4449 343 4533 *ὁ]
359 4478 413 4516 om.
