2954 4936
513 230 683 318 ιλιᾼοοο
714 231 754 288 N.
784 227 868 310 (13)
1243 223 1264 283 3

168 409 218 456 11.
245 377 320 453 *ύτι
339 382 490 475 θαυμάζων
507 377 573 453 άντί
590 389 641 453 τού
659 377 808 472 θεύμενος.

168 525 219 571 12.
256 496 301 569 ἔπ’
334 497 501 592 ἀκροτάτης
537 495 682 594 κορυφῆς]
712 498 937 592 Ἀριστοφάνης
974 502 1176 583 πληθυντικῶς
1214 483 1263 566 ἔπ’

112 615 317 715 ἀκροτάτης
334 621 504 715 κορυφῇς.
531 614 584 686 ούκ
603 614 741 693 ἀπίθανος
760 597 794 686 δδ
814 611 865 686 καί
886 617 905 702 ἡ
925 610 1016 710 χωρίς
1035 622 1085 686 τού
1101 615 1128 708 μ
1143 612 1262 710 γραφη,

113 734 224 802 Σάον·
250 730 302 817 τὴν
319 729 378 826 γδιρ
397 728 519 820 Σαύκην
536 726 570 800 τδ
588 729 650 828 ύρος
667 728 747 822 φησί
764 731 1016 827 παραδηλούσθαι.

165 849 279 939 Σάμιοι
298 847 326 917 οί
341 847 369 918 έν
385 845 477 942 Ἰονίῳ
494 845 576 941 μετδι
594 844 798 920 διακοσιοστὸν
815 847 881 928 έτος
897 857 951 918 τῶν
967 855 1102 944 Τροιϊκῶν
1123 843 1294 943 χοησμδν5

113 962 228 1048 ’ἔλαβον
244 962 325 1059 παρδι
341 971 394 1035 τοῦ
411 958 525 1036 Πυθίου
543 963 587 1046 είς
604 965 656 1052 τὴν
674 964 702 1036 έν
718 965 836 1061 Τρῳάδι
854 961 975 1061 Θρᾴκην
996 973 1187 1058 μετοικῆσαι,
1205 965 1261 1053 ἀφ’
1280 982 1282 986 ’

112 1077 149 1152 θον
183 1085 202 1171 ἡ
235 1077 416 1178 Σαμοθρηίκη
449 1081 676 1177 προσηγορεύθη.
719 1086 737 1171 ἡ
773 1081 891 1176 ἱστορία
923 1081 1005 1177 παρδι
1035 1079 1261 1177 Ἀπολλοδύρῳ.

112 1200 221 1292 Σάμου
237 1194 284 1269 οθν
301 1196 446 1294 Θρηϊκίης
463 1207 518 1286 τῆς
536 1197 742 1295 Σαμοθρᾴκης.
769 1196 810 1270 τδ,
822 1198 853 1270 δὲ
871 1198 899 1270 έν
916 1197 994 1297 αύτῇ
1012 1193 1075 1293 ύρος
1092 1194 1210 1283 Σαύκη.

166 1313 240 1386 *ύτι
258 1314 396 1387 ούδέποτε
415 1313 557 1396 συνθέτως
574 1313 671 1411 εἴρηκε
689 1313 893 1412 Σαμοθρᾴκην.

167 1454 215 1524 15.
243 1429 295 1503 ’ἔνθ’
322 1431 368 1526 ἄρ’
396 1428 455 1529 5'7’]
479 1439 560 1526 τρεῖς
584 1434 777 1527 παράλληλοι
803 1433 907 1518 σ’ξεῖαι,
924 1429 983 1530 μία
1003 1431 1059 1525 μὲν
1076 1434 1095 1519 ἡ
1111 1428 1260 1528 άρχονσα,
1278 1450 1314 1490 10

111 1547 235 1642 δευτέρα
251 1551 270 1637 ἡ
287 1555 339 1620 τού
356 1545 424 1643 άρα,
440 1544 527 1647 τρίτη
544 1547 576 1620 δὲ
593 1551 612 1637 ἡ
629 1557 680 1620 τού
698 1546 759 1643 ύγε.

166 1675 216 1738 16.
245 1663 391 1761 *Τρωσίν
407 1663 623 1764 δαμναμένους]
640 1663 684 1739 ύτι
702 1663 768 1738 άντδ
785 1673 837 1740 τού
855 1663 909 1738 §ab
926 1662 1038 1761 Τροίαν.

165 1809 216 1856 2ο.
244 1781 386 1871 ἐζήτηται
404 1781 454 1854 διδι
470 1778 506 1854 τί
519 1782 570 1855 ούκ
592 1780 689 1879 εύθείᾳ
706 1783 860 1878 πορεύεται
879 1786 893 1857 ὅ
911 1783 1064 1857 Ποσειδῶν
1081 1782 1122 1862 είς
1141 1778 1261 1880 Τροίαν,

111 1899 198 1970 αἰλλδι
213 1897 263 1971 τδν
283 1896 385 1996 χράνον
408 1899 524 1996 δαπανᾷ
544 1899 691 1996 πορευθείς
718 1900 762 1982 είς
786 1901 899 1996 Αἰγάς.
925 1900 1027 1998 ῥητέον
1048 1895 1095 1972 νύν
1116 1899 1160 1971 ίτι
1185 1900 1261 1971 δυοῖν

112 2015 198 2086 ένεκα
223 2018 421 2112 πραγμάτοιν
435 2019 651 2113 μεμηχάνηται
678 2016 759 2116 αύτῷ
778 2020 796 2105 η
817 2014 980 2108 ἀποδημία,
998 2025 1109 2110 πρῶτον
1133 2016 1189 2110 μὲν
1215 2012 1260 2088 ίνα
1277 2030 1312 2091 15

111 2132 311 2233 άτοπλανῆσῃ
328 2130 377 2206 τδν
393 2132 458 2205 Δία
481 2132 518 2212 ὦς
539 2134 745 2212 ἀπολελοιπὼς
770 2131 818 2204 τδν
843 2130 982 2225 πύλεμον,
1001 2132 1131 2232 δεύτερον
1156 2133 1188 2206 δὲ
1214 2129 1261 2206 ίνα

111 2255 297 2348 καθοτλισθῇ
322 2249 365 2330 είς
390 2247 439 2322 τδν
464 2257 516 2321 τού
541 2245 617 2330 Διδς
642 2247 782 2341 πάλεμον,
809 2249 858 2322 έδιν
882 2249 940 2347 άρα
966 2247 1112 2348 φωραθείς
1138 2249 1182 2331 είς
1207 2251 1261 2336 τὴν

113 2365 297 2463 συμμαχίαν
312 2366 491 2466 κινδυνεύσῃ.

164 2508 216 2555 21.
242 2484 353 2577 Αἶγδις,
371 2482 437 2556 ’ἔνθα
454 2484 486 2556 δέ
503 2478 543 2571 οἱ]
562 2482 606 2556 ύτι
625 2481 706 2556 κατδι
723 2482 782 2566 τδις
805 2481 903 2578 Αἶγδις
923 2481 952 2554 έν
972 2488 1054 2581 βυθῷ
1069 2482 1123 2570 την
1146 2479 1261 2570 οίκησιν

111 2607 164 2670 τοῦ
182 2601 367 2681 Ποσειδῶνος
384 2599 553 2672 ύποτίθεται
570 2597 693 2698 οἷύρατον
709 2596 875 2696 ιἰνθρύποις,
893 2594 991 2692 ίύσπερ
1010 2593 1058 2670 ε’πδ
1075 2606 1128 2677 τοῦ
1141 2596 1260 2692 Ὀλύμ-
1275 2622 1313 2662 20

111 2747 168 2788 που
192 2725 248 2788 τῶν
272 2717 373 2790 ἄλλον
398 2724 464 2790 θεῶν
488 2719 532 2812 μὴ
559 2716 713 2814 ὁρωμένων.
740 2711 837 2812 Αἰγαί
862 2713 950 2796 πύλις
966 2712 1113 2812 Ἀχαιίας
1139 2715 1168 2788 έν
1194 2722 1262 2788 Πε-

112 2833 287 2930 λοποννήσῳ,
306 2833 372 2905 ένθα
396 2845 525 2928 τιμᾶται
551 2834 607 2928 μὲν
633 2837 647 2906 ὅ
674 2833 837 2920 Ποσειδῶν,
856 2831 965 2928 άγεται
992 2832 1023 2906 δέ
1048 2828 1100 2905 καί
1125 2833 1262 2932 Διονύσῳ

111 2951 206 3044 ἑορτὴ,
221 2950 249 3023 έν
265 2946 285 3051 ᾗ
303 2951 421 3024 ε’τειδδιν
433 2954 448 3023 o‘
460 2950 548 3048 χορδς
567 2948 687 3031 συσπδις
702 2949 760 3030 τδις
773 2958 825 3023 τοῦ
838 2944 974 3043 δαίμονος
986 2950 1114 3030 τελετδις
1127 2951 1260 3051 σ’ργιάζη,

111 3069 275 3158 θαυμάσιον
305 3067 513 3141 έπιτελεῖσθαί
537 3080 635 3160 φασιν
665 3065 756 3162 έργον·
794 3064 925 3159 άμπελοι
956 3067 1015 3165 γάρ
1048 3063 1084 3147 ἃς
1118 3075 1260 3140 καλοῦσιν

111 3182 292 3280 ἐφημέρους,
321 3185 507 3282 ἀνισχούσης
536 3176 593 3280 μὲν
626 3185 739 3278 ἡμέρας
773 3180 882 3278 καρπδν
912 3186 1149 3267 βλαστάνουσιν,
1179 3184 1259 3257 άστε
1275 3203 1311 3263 ²5

110 3300 269 3398 δρέποντας
288 3301 397 3382 αύτούς
420 3300 464 3380 είς
485 3302 613 3401 ἑσπέραν
639 3295 709 3373 οἶνον
733 3300 855 3394 ἄφθονον
880 3298 971 3397 έχειν.
998 3300 1153 3399 ἡίστορία
1177 3301 1259 3399 παρδι

109 3417 288 3516 Εύφορίοινι.

162 3560 214 3628 25.
241 3533 316 3608 *ύτι
334 3534 367 3607 ἔκ
384 3543 439 3606 τῶν
457 3534 708 3631 συμφραζομένων
725 3532 759 3605 τδ
777 3531 863 3628 γέντο
881 3531 995 3618 έλαβεν
1012 3533 1162 3626 σημαίνει.

162 3677 215 3743 27.
241 3649 373 3750 ἄταλλε]
396 3652 440 3734 είς
462 3651 586 3741 νεάτητα
609 3648 689 3722 κατδι
712 3651 842 3722 διάθεσιν
860 3649 982 3746 ἒγίνετο,
1000 3649 1020 3722 ί
1032 3651 1114 3724 ἔστιν
1131 3649 1258 3751 ἐσκίρτα

109 3764 161 3841 καί
179 3767 306 3863 ἔχαιρεν.
333 3768 385 3840 ὑπ’
402 3769 509 3841 αύτοῒι
526 3769 557 3841 δὲ
574 3764 640 3841 duri
658 3775 712 3840 τού
728 3768 765 3840 δι’
783 3766 880 3839 αύτύν.
1272 3795 1311 3853 30

161 3883 220 3956 *ἒν
236 3885 322 3984 άλλῳ
338 3882 392 3957 ὑπ’
409 3884 513 3985 αύτῷ.

152 4117 179 4177 5.
202 4099 263 4184 *οἶ]
278 4123 335 4162 0111.
748 4118 793 4178 15.
824 4107 983 4179 πραγμάτοιν
1010 4108 1130 4180 πραγμάὲ

150 4180 219 4266 ἔτος]
235 4182 299 4242 *καὶ
312 4189 398 4242 ἔνατον
411 4187 468 4244 ἕτοο
747 4188 792 4245 18.
814 4184 984 4258 *κινδυνεύσῃ
1012 4187 1140 4257 κινδυνεύῃ

153 4279 180 4341 7.
200 4263 659 4348 *προσηγορεύθη-Ἀπολλοδώρῳ]
746 4269 793 4326 26.
816 4268 954 4338 δρέπουτατ
977 4267 1037 4327 cod.
1063 4267 1152 4327 Parin.
1176 4270 1257 4343 3060

108 4367 167 4407 om.
703 4369 748 4425 ap.
771 4347 876 4407 Miller.
902 4347 1033 4406 Journal
1052 4351 1101 4408 οἷον
1119 4351 1255 4424 θανοιιιν,

155 4447 200 4504 13.
224 4426 400 4503 *Πορφυρίον
414 4429 581 4507 praefixum.
708 4433 794 4506 1839,
810 4449 838 4507 p.
855 4426 926 4510 715]
942 4433 1080 4505 τρέποντας
1244 4478 1248 4485 .

155 4530 199 4583 14.
222 4506 295 4591 *εἶο]
311 4531 364 4570 om.
749 4532 793 4586 29.
818 4510 945 4584 *νεότητα
959 4507 1033 4592 κατὰ]
1047 4518 1150 4586 ἑνότητα
1163 4518 1204 4571 καὶ

658 4628 712 4673 Β2
