2954 4936
186 218 250 279 104
439 284 442 288 A
584 217 754 277 IAIAAoz
784 219 826 277 n.
856 213 943 297 (16)

186 371 374 442 ἐπικαλεῖται
392 365 501 455 οῦτως;
528 364 701 440 Δευκαλίων
717 368 798 462 μετδι
819 365 868 440 τδν
891 366 936 440 ἐπ’
955 365 1045 439 αὐτοῦ
1066 363 1218 462 γενώμευον
1240 393 1338 436 καταᾱ

627 484 635 510 )
697 485 707 511 ἱ

186 485 322 581 κλυσμδν
346 483 582 584 παραγενίμενος
607 516 652 566 εις
676 516 730 573 την
750 480 894 580 Ἤπειρον
920 483 1097 580 ε’μαντεῦετο
1128 480 1176 554 έπῖ
1202 489 1241 580 τῆ
1263 476 1338 573 δρνῖ.

185 603 342 682 πελειοθος
360 603 391 675 δὲ
407 599 546 698 χρησμδν
558 601 639 701 αῦτῷ
657 602 765 690 δοῦσης
782 601 944 690 κατοικίζει
962 598 1012 674 τδν
1027 599 1124 686 πέπον,
1143 597 1340 692 συναθροίσας

185 719 255 801 τοῦς
277 720 521 816 περιλειφθέντας
545 716 603 791 ἆπδ
626 728 679 792 τοῦ
700 728 929 813 κατακλυσμοῦ,
947 718 999 792 καὶ
1023 717 1082 791 dub
1107 725 1160 790 τοῦ
1185 711 1262 794 Διδς
1286 711 1340 786 καῖ

184 835 328 924 Δωδώνης
352 847 428 929 μιᾶς
452 846 509 908 τῶν
528 834 707 909 Ὠκεανίδων
724 835 865 926 Δωδώνην
890 838 943 926 τῆν
968 835 1067 935 χώραν
1087 831 1369 934 προσηγώρευσεν.5

184 960 203 1045 η’
221 955 339 1053 ἱστορία
356 953 437 1052 παρδο
454 955 666 1052 θρασυβοῦλω
683 951 734 1024 καῖ
750 952 966 1052 Ἀκεστοδώρμ

237 1069 435 1168 ΠελασγικεΊ
461 1070 633 1166 Πελασγία
656 1069 792 1168 πρώτερον
816 1075 835 1161 ῆ
862 1071 1029 1144 Θεσσαλία
1059 1069 1207 1153 έκαλεῖτο,
1239 1067 1272 1152 ἔξ
1305 1064 1340 1139 οῦ

186 1186 376 1280 Θανμαστδς
392 1187 442 1260 καῖ
460 1185 515 1260 ῦπδ
534 1195 708 1283 Πελασγῶν
724 1186 900 1282 τιμώμενος,
918 1186 982 1262 ε’πεῖ
1001 1185 1165 1283 Πελασγοῦ
1186 1183 1338 1286 κατῴκουν

185 1306 237 1394 τῆν
255 1302 403 1393 Δωδώνην,
423 1304 621 1393 ἐκβληθέντες
637 1303 695 1376 οἷπδ
715 1304 862 1387 Βοιωτίας
880 1303 933 1377 ῦπδ
952 1306 1092 1378 Αἰολέων.

237 1450 310 1516 234.
328 1418 459 1522 Σελλοί]
472 1421 617 1520 Πίνδαρος
635 1420 749 1494 Ἑλλοῖ
757 1420 849 1521 χωρὶς
870 1430 922 1494 τοῦ
938 1424 973 1510 ἦ,
991 1420 1049 1494 οἷπδ
1065 1423 1181 1494 Ἑλλοῦ
1199 1428 1251 1493 τοῦ
1272 1419 1340 1518 δρυ-
1356 1443 1392 1484 10

185 1537 287 1634 τώμον,
306 1535 327 1637 ᾧ
343 1536 425 1632 φασῖ
443 1541 496 1628 τῆν
514 1538 691 1636 περιστερδιν
707 1536 823 1634 πρώτην
839 1540 1014 1624 καταδεῖξαι
1033 1539 1066 1610 τδ
1083 1547 1229 1632 μαντεῖον.

235 1653 320 1751 ἀμφὶ
336 1657 368 1728 δέ
389 1655 521 1755 Σελλοί]
544 1660 558 1728 o‘
582 1653 638 1747 μέν
659 1654 807 1754 Πίνδαρος
823 1655 956 1737 Ἑλλοῦς
978 1655 1087 1737 αῦτοῦς
1109 1653 1212 1728 οῖεται.
1239 1654 1288 1726 δεῖ
1306 1652 1338 1725 δὲ

185 1771 243 1845 οἷπδ
270 1782 321 1845 τοῦ
337 1779 361 1845 ὂ
379 1772 527 1871 ἄρχεσθαι
550 1775 603 1862 τῆν
627 1773 718 1858 λέξιν,
735 1770 793 1844 dub
820 1773 1006 1861 Σελλήεντος
1030 1779 1178 1864 ποταμοῦ.
1205 1770 1337 1855 σ’ξῦνεται

186 1891 218 1962 δέ
243 1888 277 1962 τδ
304 1888 404 1981 θνομα·
431 1891 472 1961 τῦ
496 1890 555 1988 γαρ
582 1891 626 1969 εἷς
648 1890 701 1966 λος
726 1890 815 1989 έτέρρ
836 1895 859 1960 λ
881 1889 1127 1986 παραληγώμενα,
1146 1886 1179 1961 οῦ
1203 1885 1238 1960 τδ
1254 1888 1277 1959 ἆ
1293 1888 1338 1981 μῆ

185 2017 372 2102 προηγεῖται,
398 2007 539 2091 α’ξθνεται.
575 2006 681 2088 κιλλθς
707 2001 787 2087 εἶδος
811 2005 973 2104 χρώματος
998 2007 1041 2101 (ἓν
1068 2004 1338 2099 Στεφανοπώλισιν
1355 2029 1389 2090 15

187 2125 348 2211 Εὖβοῦλου
363 2125 501 2223 “εῦχυων
518 2159 548 2197 τι
567 2124 671 2197 κιλλδν
686 2128 842 2221 μανθάνεις
855 2121 1061 2223 θερίστριον”),
1075 2122 1200 2209 πολλῦς,
1214 2122 1337 2210 κυλλώς,

184 2242 301 2324 Ἑλλθς
321 2241 340 2332 ῆ
358 2241 476 2324 Σελλθς
495 2240 626 2340 ((ῑοῖμφῖ
645 2244 676 2316 δὲ
693 2242 862 2341 Remum),
881 2241 1022 2326 σκελλώς,
1040 2241 1158 2336 φελλώς
1174 2239 1208 2313 τῦ
1225 2274 1340 2338 προση-

184 2358 309 2454 γορικών.
336 2356 371 2432 πθ
397 2359 428 2432 δὲ
452 2361 574 2440 Γάλλος
599 2357 650 2432 καῖ
675 2360 770 2460 ἄλλος
792 2359 826 2432 τδ
842 2359 865 2434 α
882 2359 947 2458 έχει
971 2366 1025 2459 πρὸ
1049 2369 1101 2433 τοῦ
1120 2358 1150 2432 λ·
1178 2358 1224 2432 έτι
1248 2355 1281 2432 δέ
1302 2357 1338 2432 τδ

186 2477 282 2558 ἄλλος
300 2474 350 2549 καῖ
368 2478 406 2558 ώς
424 2475 659 2574 έπιμεριζώμενον
675 2477 849 2572 βαρύνεται.

235 2591 307 2691 πρδς
336 2592 370 2666 τδ
396 2603 453 2684 τῆς
478 2603 600 2692 γραφῆς
627 2594 814 2689 ἀμφίβολον
852 2595 880 2667 οἷ
906 2595 962 2690 μὲν
990 2594 1050 2693 γδρ
1075 2594 1222 2678 Σελλοῦς,
1249 2595 1279 2666 οἵ
1306 2593 1338 2667 δὲ
1353 2602 1391 2642 ²⁰

184 2709 317 2791 Ἑλλοῦς
337 2710 511 2796 ἐξεδέξαντο.
539 2711 640 2784 δεῖδὲ
666 2722 736 2784 νοεῖν
758 2713 797 2793 οῦς
819 2711 901 2784 έστιν
924 2711 958 2784 έκ
980 2714 1111 2806 πλήρους
1134 2711 1258 2783 Σελλοί·
1285 2708 1339 2783 καῖ

185 2827 245 2926 γδιρ
267 2831 281 2901 θ
303 2827 454 2925 συνορίζων
479 2838 543 2909 τοῖς
568 2827 671 2910 τώποις
696 2826 832 2924 ποταμδς
856 2831 1016 2918 Σελλῆεις,
1034 2829 1091 2922 ἀφ’
1108 2827 1141 2902 οῦ
1167 2826 1245 2910 εἶκθς
1267 2828 1340 2911 τοῦς

185 2943 343 3042 παροίκους
359 2945 495 3026 Σελλοῦς
512 2953 684 3018 καλεῖσθαι.

238 3073 277 3138 23
280 3066 312 3137 5.
344 3043 510 3144 ὑποφῆται]
548 3046 727 3139 ῦπομοὶντεις
761 3047 859 3144 ἱερεῖς,
899 3043 919 3116 θ’
948 3045 1016 3119 ἔστι
1054 3044 1240 3145 χρησμῳδοῖ,
1276 3055 1339 3120 θεο·

186 3159 281 3257 λώγοι,
308 3172 473 3260 προφῆται·
498 3166 656 3262 προφῆτας
681 3164 740 3260 γδιρ
767 3165 891 3260 λέγουσι
914 3162 984 3245 τοῦς
1006 3160 1074 3262 περί
1098 3163 1139 3236 τδι
1162 3165 1339 3261 χρηστῆρια
1353 3186 1391 3248 25

186 3278 427 3377 ἀσχολουμένους
459 3276 509 3350 καῖ
545 3280 600 3361 τὰς
631 3279 777 3374 μαντείας
803 3280 861 3362 τδις
889 3281 1047 3376 γινομένας
1074 3278 1128 3352 ῦπδ
1157 3289 1213 3352 τῶν
1243 3280 1340 3378 ἱερέων

189 3395 377 3492 ἐκφέροντας.

237 3508 443 3601 οἷνιπτθποδες]
468 3513 533 3604 ῆτοι
558 3516 710 3612 βάρβαροι
736 3523 873 3613 σκληρῦς
898 3547 932 3587 τε
958 3512 1009 3586 καῖ
1034 3513 1196 3609 νομαδικῦς
1222 3524 1337 3604 ζῦντες,

188 3631 301 3718 ταύτην
330 3628 450 3726 ’ἔχοντες
478 3629 594 3702 δίαιταν
620 3633 657 3712 ὧς
681 3632 759 3725 μηδὲ
789 3628 978 3720 οἷπονίζεσθαι
1008 3631 1078 3712 τοῦς
1102 3630 1199 3713 πέδας
1228 3631 1279 3704 διδ
1304 3629 1339 3703 τδ

187 3748 231 3841 μῆ
257 3747 478 3845 παραδέξασθαι
502 3749 554 3835 τῆν
577 3747 610 3820 ἔκ
635 3756 686 3819 τοῦ
712 3746 824 3844 πρώτον
850 3748 920 3834 βίον
945 3750 1133 3843 μεταβολῆν,
1151 3748 1170 3838 ῆ
1191 3757 1278 3822 τοῦτο
1304 3747 1339 3821 {x
1353 3780 1393 3838 30

187 3896 265 3942 τινος
292 3863 370 3944 ’έθονς
397 3861 445 3936 έπῖ
471 3872 548 3963 τιμῆ
578 3872 629 3936 τοῦ
660 3872 722 3936 θεοῦ
753 3873 911 3945 ποιοῦντες·
948 3865 1013 3938 ένιοι
1044 3870 1104 3962 γὰρ
1130 3863 1182 3937 καῖ
1212 3874 1339 3962 λουτρῶν

939 3984 949 4009 x
1009 3983 1020 4010 ε
1074 3982 1082 4008 ι

187 3981 351 4075 ἀπέχονται
371 3978 421 4053 καῖ
442 3990 497 4070 τῆς
514 3981 653 4070 τοιαῦτης
677 3981 865 4076 ε’πιμελείας.
891 4016 968 4064 τινες
991 3983 1021 4055 δε
1045 3981 1153 4064 αυτοῦς
1177 3983 1227 4054 διδι
1249 3989 1338 4054 τοῦτο

188 4100 326 4193 λέγουσιν
360 4097 569 4184 οἷνιπτθποδας,
600 4098 644 4169 θ’τι
677 4099 728 4170 οῦκ
759 4096 872 4184 ἐξίασιν
901 4099 954 4184 ’ἔξω
984 4109 1038 4187 τοῦΙ
1068 4101 1155 4196 ἱεροῦ·
1196 4097 1238 4172 διδ
1269 4099 1337 4172 οῦτε

230 4329 256 4390 7.
285 4319 314 4386 ἐξ
347 4320 378 4374 οῦ
413 4323 567 4391 Θαυμαστὸς
598 4323 637 4376 καῖ
675 4316 738 4400 ὑπὸ]
781 4317 956 4398 (Πελασγικοῖς
971 4321 1134 4394 Bekkerus)
1150 4324 1248 4380 ὦσῦπθ

188 4396 323 4456 Scholion
350 4420 408 4459 non
436 4401 589 4478 integrum.
632 4401 668 4460 In
692 4403 735 4461 ed.
825 4417 872 4476 15.
900 4398 1140 4484 Στεφανοπώλισιν]
1170 4408 1336 4478 στεφανοπο-

188 4478 320 4538 Romana
347 4486 391 4540 est
418 4485 447 4552 ἐξ
475 4485 505 4540 οὗ
533 4488 573 4540 καὶ
601 4489 740 4559 Πελασγὸς
781 4487 853 4543 λῖσιν
