2954 4936
56 179 60 186 ⁵
164 225 230 297 ους
637 234 808 294 ιλιιΔος
839 234 862 294 ι.
894 230 955 313 (9)

255 383 306 450 16.
330 383 439 463 Βορέης
455 383 502 446 καὶ
518 381 651 464 Ζέφυρος
905 400 948 468 30
970 387 1003 446 οδ
1018 399 1070 467 32.
1094 384 1127 447 αί
1141 409 1172 446 κε
1187 381 1249 461 μετ’
1268 379 1410 465 Ἀργείην

254 487 306 553 26.
329 487 431 565 ἄμυδις
819 501 893 570 307.
931 506 958 550 1.
983 488 1009 550 εἰ
1025 485 1058 548 δέ
1072 483 1248 567 κενἈργος

167 589 240 673 298.
277 604 307 671 7.
331 589 447 654 πολλὸν
480 590 512 652 δέ
552 587 648 670 παρέξ
688 590 768 652 ἄλλα
929 608 959 671 9.
982 591 1169 671 Χρυσόθεμις
1207 591 1255 652 καὶ
1289 591 1422 668 ’Λαοδίκη

362 691 430 774 (sie)
1014 693 1061 756 καὶ
1077 692 1260 772 Ἰφιάνασσα

253 809 305 876 27.
329 796 431 858 ἵστατο
448 795 615 877 δακρυχέων
819 793 892 880 308.
907 783 970 862 22(
982 795 1118 875 δμηθήτω

166 916 240 981 299.
257 917 307 963 10.
331 899 370 964 ὣς
385 901 401 962 ὁ
416 898 649 982 βαρυστενόχων
906 916 958 980 29.
982 900 1105 963 τούνεκα
1121 900 1172 962 καί
1184 924 1216 962 τε
1230 906 1372 981 βροτοῖσι

254 1021 304 1086 13.
329 1001 454 1082 ὦφίλοι
470 999 615 1083 Ἀργείων
819 1020 892 1085 309.
928 1001 957 1066 6.
982 1000 1051 1064 ἀλλ’
1067 1002 1155 1084 ἄγετε
1172 1003 1298 1079 κλητούς

253 1122 305 1170 22.
330 1103 470 1188 σχέτλιος
909 1104 956 1168 18.
982 1104 1090 1184 Φοῖνιξ
1101 1106 1158 1185 μὲν
1172 1106 1328 1186 πρώτιστα

253 1207 304 1273 28.
329 1208 407 1272 ούτις
422 1232 479 1271 που
496 1208 546 1271 Διὶ
562 1205 668 1287 μέλλει
905 1227 956 1272 20.
980 1209 1071 1289 αὐτὰρ
1082 1206 1172 1272 ἔπειτ’
1339 1284 1346 1293 Χ

251 1331 304 1396 31.
328 1311 367 1378 δς
382 1311 468 1393 ἔφαθ’
906 1325 956 1395 25.
982 1311 1109 1390 κηρύκων
1151 1309 1253 1377 Ὀδίος
1298 1336 1330 1373 τε
1375 1312 1421 1375 καὶ

165 1428 305 1498 30017.
330 1416 425 1494 ἀλκὴν
466 1415 519 1493 μέν
561 1440 611 1493 μοι
652 1420 767 1494 πρῶτον
1012 1412 1187 1493 Εὐρυβάτης

361 1520 511 1583 ὀνείδισας
904 1536 957 1601 31.
980 1517 1142 1580 δενδίλλων

253 1638 304 1685 22.
329 1618 412 1683 ἵσασ’
439 1622 572 1701 Αργείων
817 1639 890 1705 310.
905 1639 956 1686 20.
980 1620 1033 1698 τὴν
1048 1618 1124 1701 ἄρετ’
1142 1618 1178 1697 ἐξ
1192 1619 1308 1700 ἐνάρων
1334 1658 1336 1661 v

165 1739 239 1806 301.
278 1742 305 1786 1.
331 1723 427 1805 έρχεο,
446 1724 506 1804 πάρ
521 1749 567 1786 τοι
581 1725 648 1791 ὁδός
904 1741 955 1806 29.
982 1721 1156 1804 Πάτροκλος
1173 1724 1206 1786 δέ
1219 1727 1249 1786 οἱ

274 1846 304 1910 3.
330 1825 433 1889 ἑστᾶσ’
818 1846 891 1911 311.
907 1844 956 1890 11.
983 1825 1055 1913 αὐτῇ
1071 1827 1127 1890 σὺν
1138 1828 1287 1908 φόρμιγγι

274 1942 303 2009 7.
327 1932 355 1993 οἱ
370 1931 402 1992 δὲ
419 1929 465 1992 καὶ
482 1930 564 1992 αὐτοὶ
580 1931 752 2012 φευγόντων
907 1943 957 2011 17.
978 1928 997 2007 ἦ
1015 1930 1100 2010 φίλοι
1114 1929 1133 2008 ἣ
1148 1955 1176 1993 τι
1190 1928 1274 2009 μάλα
1288 1932 1366 2014 χρεό

165 2049 238 2116 302.
276 2051 304 2096 1.
326 2033 451 2109 Τυδείδη
480 2032 546 2113 περὶ
571 2031 626 2112 μὲν
648 2033 767 2118 πολέμῳ
817 2051 891 2117 312.
929 2051 956 2094 1.
980 2031 1073 2112 αῦτδιρ
1087 2033 1141 2114 ὅγε
1157 2039 1255 2114 κρεῖον

360 2134 392 2199 ἓν
408 2135 478 2219 (sio)
495 2137 634 2217 καρτερός
654 2137 723 2200 ἐσσι
926 2136 946 2196 6
961 2139 995 2198 εδ
1011 2135 1039 2198 8.
1065 2136 1105 2220 τῷ
1121 2137 1148 2198 δ’
1164 2135 1235 2219 ἔχεν

273 2238 303 2302 6.
328 2239 401 2320 ἀτὰρ
418 2239 452 2302 οῦ
467 2239 551 2305 τέλος
567 2240 629 2303 ἵκεο
644 2239 744 2317 μύθων
907 2258 956 2302 10.
980 2239 1070 2320 αῦτδρ
1119 2240 1184 2303 ἐπεὶ
1229 2242 1306 2302 κατὰ
1353 2239 1415 2321 πῦρ’

254 2359 303 2404 10.
326 2341 345 2421 ἦ
360 2342 420 2421 μὴν
436 2342 484 2406 καὶ
502 2342 566 2407 νέος
582 2344 653 2406 ἐσσί
1008 2341 1080 2420 ἐκάη

253 2463 303 2527 19.
327 2446 400 2527 άτδιρ
416 2447 587 2526 πεπνυμένα
600 2444 702 2525 βάζεις
904 2462 944 2530 23
961 2449 993 2508 εδ
1010 2445 1061 2511 26.
1085 2449 1174 2509 θῦσαι
1190 2447 1301 2527 άνόγει

252 2560 303 2628 25.
327 2551 455 2628 διίξομαι
817 2567 890 2633 313.
928 2568 956 2610 1.
980 2549 1069 2630 αι’πδρ
1088 2550 1153 2613 ἐπεὶ
1167 2552 1274 2615 πόσιος
1290 2551 1337 2615 καὶ
1353 2552 1415 2630 ε’δη-

252 2668 303 2733 29.
327 2650 466 2734 άφρήτωρ
594 2679 597 2684 ·
1011 2654 1079 2718 πύος

164 2772 238 2838 303.
274 2773 303 2820 2.
328 2755 422 2835 δορπά
436 2781 469 2820 τε
816 2773 889 2840 314.
924 2774 954 2840 3.
977 2755 1111 2836 ἠμένένὶ
1129 2758 1220 2837 κλισίι

271 2876 302 2940 9.
321 2865 425 2924 πλεῖαί
438 2885 484 2923 τοι
500 2861 580 2923 οίνου
595 2861 708 2922 κλισίαι
905 2871 954 2939 15.
977 2858 1094 2938 ἐνδέξια

252 2979 302 3026 12.
325 2963 409 3026 πῖισά
424 2988 470 3026 τοι
486 2961 549 3026 ἔσθ’
567 2961 720 3041 ὑποδεξείη
903 2980 955 3040 24.
978 2962 1020 3043 ἠῶ
1036 2968 1103 3028 δῖαν

249 3064 301 3129 26.
326 3065 461 3129 καίουσιν
479 3067 556 3146 πυρὰ
570 3064 672 3129 πολλά
903 3083 955 3148 29.
979 3072 1099 3131 στεῦται
1114 3070 1170 3149 γάρ
1185 3074 1266 3146 νηῶν

163 3184 237 3250 304.
271 3184 302 3244 4.
327 3168 439 3230 τίθεντο
455 3169 487 3230 δὲ
503 3167 613 3248 δόρπον
630 3167 754 3234 ἕκαστος
816 3181 890 3254 315.
903 3187 955 3236 21.
980 3173 1006 3234 εἰ
1021 3170 1175 3252 δὲσὺμέν
1185 3198 1242 3252 μου

252 3288 301 3354 13.
326 3271 476 3351 σκῆπτρόν
497 3275 523 3332 τ’
543 3270 594 3350 ἠδὲ
613 3269 763 3350 θέμιστας,
901 3293 953 3358 31.
977 3275 1128 3360 Λεσβίδας

357 3374 406 3437 ἵνα
422 3374 512 3454 σφίσι
531 3375 723 3460 βουλεύῃσθα
815 3376 889 3461 316.
924 3389 954 3459 5.
978 3378 1010 3440 οἵ
1022 3403 1054 3442 κε
1070 3403 1106 3442 σε
1122 3380 1264 3466 δωτίνῃσι

248 3495 300 3561 31.
325 3475 403 3556 εἴξας
904 3499 953 3544 11.
977 3479 1156 3562 τειρομένους
1169 3483 1285 3565 ε’λέαιρε

162 3591 236 3664 305.
271 3591 302 3661 5.
327 3580 474 3660 ἀασάμην,
493 3579 555 3643 οὐδ’
574 3581 660 3645 αὐτὸς
680 3582 763 3644 άναί-
902 3584 953 3650 26.
978 3586 1054 3664 ὁμῶς
1068 3605 1129 3650 0111.

357 3708 443 3762 νομαι
459 3684 526 3746 ἀντί
541 3709 575 3746 νυ
593 3689 716 3747 πολλῶν
900 3707 953 3773 31.
976 3689 1009 3755 άς
1024 3687 1055 3772 χ’
1070 3689 1172 3769 ἕτερον
1186 3690 1242 3770 μὲν
1257 3691 1343 3777 κεύθῃ

272 3784 301 3850 8.
325 3786 394 3848 ἀλλ’
414 3786 478 3850 ἐπεὶ
496 3784 633 3864 ἀασάμην
814 3805 888 3876 317.
923 3791 952 3856 8.
976 3793 1045 3856 οὐδέ
1059 3794 1090 3856 τί
1101 3820 1152 3873 μοι
1167 3794 1327 3875 περίκειται

248 3886 300 3954 28.
323 3889 410 3952 δόσω
447 3887 473 3952 δ’
513 3891 587 3953 ἑπτὰ
622 3895 763 3971 γυναῖκας
814 3893 887 3979 318.
922 3907 953 3976 5.
975 3897 1136 3977 Ἀργείους,
1152 3899 1182 3960 τί
1199 3898 1230 3959 δὲ
1248 3896 1324 3961 λαὸν
1341 3895 1407 3976 άνή·

356 3991 489 4071 ἀμύμονα
1009 4025 1102 4081 γαγεν

161 4096 235 4178 306.
271 4114 300 4178 9.
324 4096 376 4163 τὰς
394 4096 448 4176 μέν
463 4098 491 4160 οδ
506 4096 591 4160 δώσω
900 4118 952 4184 29.
976 4103 1024 4166 καὶ
1039 4103 1074 4181 δὴ
1089 4108 1187 4186 τεῖχος
1202 4101 1301 4183 ἔδειμε

250 4211 300 4279 15.
322 4197 455 4279 μήποτε
477 4203 529 4279 τῆς
549 4199 633 4280 εὐνῆς
655 4200 761 4282 έπιβή-
813 4224 887 4290 319.
923 4224 952 4272 2.
978 4205 1036 4271 ἀπὸ
1052 4208 1165 4290 τείχεος
1179 4208 1305 4288 ὀρνύμεν

355 4327 439 4366 σεται
920 4329 952 4388 4.
976 4310 1045 4374 ἀλλ’
1076 4313 1150 4375 ὅσον
1179 4314 1209 4377 ές
1240 4311 1351 4378 Σκαιάς
1380 4335 1411 4376 τε

250 4401 300 4468 18.
323 4404 341 4483 ἣ
358 4404 448 4484 θέμις,
465 4404 593 4490 reliquis
609 4407 733 4472 omissi's
1006 4416 1102 4480 πύλας

250 4505 299 4572 26.
324 4511 379 4589 νῆα
393 4508 459 4576 ἅλις
474 4511 587 4591 χρυσοῦ
901 4534 950 4581 12.
974 4514 1019 4581 ἔπ’
1037 4518 1192 4600 ἰχθυόεντα
