2954 4936
504 220 674 282 ικικλον
704 224 740 281 ν.
771 221 859 303 (νο)
987 237 990 246 ·
1189 219 1251 281 νον

103 372 257 469 κοιμῖιται,
275 372 346 446 ἄλλ’
365 373 524 458 ἐπιβαίνει.
552 376 631 456 τινές
649 375 681 447 δὲ
702 378 872 472 γράφουσιν
892 371 989 473 ῖππρ
1011 373 1038 446 δ’
1061 374 1253 468 εἰσάμενος

104 489 220 587 ἐμίγη
241 491 420 583 φιλάπητι
444 489 504 563 καῖ
528 491 621 589 εύνῇ.

158 632 230 701 227.
257 606 419 706 ἀνθερίκων]
444 616 490 679 νύν
509 617 564 680 τοῖιν
591 609 619 680 ἐν
642 619 706 690 τοῖς
732 610 868 703 σπάχνσι
897 617 1012 680 λεπτῶν
1032 608 1137 704 άθέρων
1160 607 1251 681 ἐστίν.

106 725 245 822 ἐλαφρῶς
263 722 319 808 οῖν,
337 725 443 818 φησῖν,
465 724 567 798 άνωθεν
583 725 678 798 αὐτῶν
694 726 852 823 διέτρεχον.
887 722 992 818 ὁμοίως
1010 721 1041 797 δέ
1064 722 1115 797 καῖ
1132 724 1180 796 ἐπῖ
1197 734 1253 814 τῆς

105 853 161 915 τῖνν
191 845 330 938 κυμάτων
359 842 536 934 ἐπιφανείας
562 846 607 938 μη
633 841 856 934 βαπτιζάμεναι
886 851 928 938 τῷ
957 838 1053 913 ύδατι.
1091 841 1195 939 κυρίως
1224 840 1249 913 δ’
1266 862 1284 923 5

105 959 251 1057 ἀνθέρικος
271 967 412 1031 καλεῖται
435 961 518 1032 άτοῖι
544 961 716 1054 ἀσφοδέλου
741 957 865 1040 κανλθς·
893 958 960 1032 ἐστι
982 958 1013 1030 δέ
1031 957 1065 1030 τδ
1082 957 1176 1050 φντδν
1194 975 1254 1030 λα-

104 1076 246 1172 χανῖνδες.

157 1201 228 1266 228.
256 1185 491 1292 *Ἀρίσταρχος
516 1193 595 1265 ἀλλ’
620 1191 679 1265 ῖτε
705 1194 753 1280 δέ,
782 1191 870 1264 άλλοι
898 1191 930 1264 δέ
956 1189 1038 1262 ἀλλ’
1059 1190 1116 1263 άτε
1139 1191 1181 1280 δή
1205 1191 1254 1263 διά

103 1316 155 1380 τοῦ
171 1308 203 1397 η.

155 1451 231 1516 229.
259 1428 456 1520 σημειοῦνταί
468 1459 546 1508 τινες
564 1427 608 1499 άτι
627 1425 716 1507 άλδς
732 1435 874 1498 πολιοῖο
893 1424 962 1518 ἐφη.
1270 1452 1307 1492 10

156 1541 357 1640 *ῥηγμῖνος
376 1553 432 1632 τῆς
450 1544 627 1636 ἐπιφανείας
644 1552 700 1632 τῆς
717 1545 880 1631 θαλάττης.

156 1686 227 1755 233.
253 1658 287 1742 δς
305 1661 340 1750 δη
353 1663 524 1741 κάλλιστος
539 1649 657 1759 γένετο]
673 1659 717 1732 άτι
736 1661 775 1740 ὥς
791 1656 826 1731 θον
838 1657 953 1758 άρμάζη
970 1656 1042 1756 πρδς
1058 1657 1092 1730 τθ
1111 1656 1254 1753 ἐγκύμιον

104 1774 205 1862 τίθησι
223 1774 257 1848 τδ
274 1779 510 1858 κάλλιστος·
538 1775 590 1848 καῖ
606 1777 666 1875 γδιρ
683 1777 797 1858 άλλους
814 1775 1001 1853 καλλίστους
1018 1776 1113 1870 λέγει.
1140 1773 1192 1846 καῖ
1208 1774 1252 1846 άτι

103 1891 177 1990 πρδς
193 1890 226 1965 τδ
244 1893 374 1992 δεύτερον
390 1893 528 1992 πράτερον
544 1895 722 1983 άπῆντηκεν.
1133 1907 1136 1913 ’

156 2037 226 2103 234
252 2008 457 2108 Ἀρίσταρχος
481 2012 536 2104 μέν
561 2008 591 2082 ἐν
615 2019 698 2083 ποιεῖ
719 2008 753 2082 τδ
779 2009 1029 2103 ἀνηρείψαντο,
1052 2006 1191 2080 τουτέστι
1218 2005 1252 2079 τδ
1269 2034 1305 2095 15

103 2126 288 2222 άνῆρπασαν·
312 2126 372 2200 εῖσῖ
392 2129 493 2221 μέντοι
512 2123 539 2199 οῖ
556 2127 604 2198 τδν
621 2126 661 2198 άυ
679 2126 841 2218 σύνδεσμον
857 2126 1039 2219 παρέλαβον,
1057 2121 1093 2196 ὧν
1111 2123 1178 2197 ἐστῖ
1201 2122 1252 2196 καῖ

103 2241 304 2321 Ἀπολλάνιος
328 2247 343 2314 o‘
365 2253 417 2317 τού
439 2245 563 2332 Θέωνος,
590 2241 718 2315 τοιοῖτάν
735 2277 765 2315 τι
792 2243 993 2340 ἐκδεχόμενος,
1020 2242 1192 2339 οἷνύρπασαν
1217 2238 1253 2314 οῖν

103 2359 192 2432 αύτδν
215 2359 243 2432 οἷ
263 2356 321 2432 θεοῖ
342 2369 382 2458 τρῖ
406 2359 461 2432 Διῖ
486 2366 575 2460 χάριν
591 2368 643 2432 τού
669 2362 811 2446 κάλλους,
833 2360 860 2432 εί
883 2360 944 2448 ἐζη.
977 2367 1063 2432 τοῦτο
1090 2360 1121 2431 δέ
1145 2371 1251 2451 φησιν,

106 2475 171 2549 ἐπεῖ
190 2477 318 2568 ούδαμοῖι
339 2480 520 2575 παρεισάγει
546 2475 633 2548 αύτθν
654 2480 668 2548 o‘
691 2479 816 2565 ποιητης
833 2485 875 2576 τῷ
897 2475 951 2548 Διῖ
978 2476 1206 2569 διακονούμενον·
1232 2482 1251 2567 ἡ

57 2628 60 2635 ’
103 2589 269 2689 γὰρἭβη
294 2595 448 2679 βλέπεται
473 2593 523 2666 καῖ
550 2593 771 2686 θἭφαιστος.
806 2593 878 2692 πρδς
899 2594 930 2666 δέ
950 2601 1049 2668 ταῦτα
1073 2591 1161 2687 ὑγιῶς
1178 2593 1251 2664 οἷπε-
1266 2626 1304 2666 20

70 2702 74 2708 ⁵
102 2707 238 2800 φῆναντά
250 2741 339 2798 τινες,
362 2709 413 2782 καῖ
438 2708 708 2798 θἈσκαλωνίτης,
727 2711 765 2790 οῖς
785 2708 830 2782 θτι
852 2713 867 2781 o‘
889 2710 1015 2798 ποιητὴς
1031 2717 1073 2804 τῷ
1091 2708 1250 2803 ἦρείφαντο

86 2824 242 2904 ,ούδέποτε
259 2828 411 2924 ε’χρῆσατο
430 2827 498 2900 άνευ
515 2837 571 2916 τῆς
587 2828 761 2925 προθέσεως.
796 2827 926 2924 δεύτερον
942 2826 980 2906 ὧς
997 2826 1025 2898 εῖ
1047 2822 1081 2913 ἦν
1097 2828 1111 2896 θ
1128 2825 1164 2897 άν
1182 2826 1251 2900 σύν-

63 2983 68 2995 ·
103 2943 225 3037 δεσμος,
248 2943 337 3040 ἐχρην
355 2945 422 3017 τινδι
446 2943 546 3016 αῖτίαν
566 2944 765 3040 ἐπενεχθῆναι,
789 2941 889 3038 ὧσπερ
907 2940 956 3016 ἐπῖ
976 2951 1028 3016 τού
1046 2942 1135 3015 “ούδ’
1154 2942 1189 3014 άν
1205 2976 1250 3015 πω

102 3066 228 3158 χάζοντο
258 3060 394 3134 κελεύθου
421 3062 475 3134 δῖοι
501 3059 635 3158 Ἀχαιοί,
664 3062 693 3134 εί
720 3063 765 3156 μὴ
786 3061 982 3159 Ἀλέξανδρος
1006 3059 1135 3150 Ἑλένης
1159 3058 1250 3142 πάσις

102 3176 240 3271 ἦῦκάμοιο
272 3163 386 3250 παῖσεν
413 3179 607 3274 ἀριστεύοντα
636 3182 743 3275 μάχης
754 3177 773 3204 ”
799 3177 856 3275 (Il.
874 3205 922 3264 11,
940 3176 1034 3276 504).
1070 3187 1133 3258 πῖνς
1162 3177 1192 3250 δέ
1221 3180 1299 3268 ἐνό5

102 3296 212 3392 ἑτέροις
229 3293 296 3393 περῖ
313 3305 368 3384 τῆς
388 3299 528 3390 άρπαγῖρς
544 3302 597 3367 τοῖν
614 3295 805 3390 Γανυμήδους
827 3293 989 3389 ὖπάμνησιν
1005 3304 1144 3380 ποιεῖται,
1162 3293 1249 3367 ῖπάτε

102 3415 116 3484 θ
133 3411 289 3507 Διομήδης
312 3413 396 3506 λέγει
422 3421 504 3500 “vic
528 3416 586 3510 γάρ
604 3446 648 3484 τοι
674 3421 779 3508 γενεῆς
795 3409 832 3500 ἧς
849 3407 933 3500 Τρωῖ
955 3443 1009 3509 περ
1027 3410 1153 3508 εύρύοττα
1171 3410 1249 3492 Ζεύς

101 3528 176 3626 δῶχ’
194 3526 255 3611 υῖος
279 3530 377 3617 ποινῖην
394 3528 606 3624 Γοιννμηδεος”
629 3535 682 3626 (Il.
700 3552 732 3622 5,
753 3528 847 3625 262);
872 3528 968 3612 άλλδι,
994 3526 1099 3620 φησῖν,
1125 3527 1157 3599 ού
1183 3529 1249 3600 δια-

101 3657 238 3720 κονεῖται.
274 3645 415 3743 εύλάγως,
435 3657 545 3744 πρῶτον
566 3648 623 3739 μέν
640 3645 684 3719 άτι
702 3646 743 3718 τθι
767 3650 868 3718 πάντα
893 3642 1053 3738 σνμπάσια
1078 3645 1127 3716 δύο
1153 3643 1246 3733 ἐστὶν,

99 3762 130 3837 ἐν
145 3765 201 3858 μὲν
218 3764 298 3864 ἐντῇ
314 3766 353 3851 Α,
369 3765 397 3835 ἐν
414 3759 434 3861 ᾧ
451 3759 667 3856 θ”Ηφαιστος
682 3765 905 3860 παρεισάγεται
928 3761 1147 3855 διακονούμενος
1164 3759 1248 3833 ένεκα
1262 3800 1301 3857 30

99 3883 242 3978 γέλωτος,
260 3881 337 3953 άλλο
355 3881 387 3955 δέ
405 3880 434 3953 ἐν
451 3889 491 3980 τῇ
506 3891 547 3966 Δ,
565 3879 635 3954 άπου
652 3879 778 3972 ἡἿ-Ιβη
804 3889 903 3961 κοινοῖς
920 3879 1047 3976 οίνοχοεῖ
1065 3889 1143 3950 πᾶσι
1161 3884 1246 3959 θεοῖς.

100 3997 209 4096 ’ἔχομεν
222 3999 253 4072 δὲ
269 4003 358 4092 ἡμεῖς
369 4006 538 4096 προσθεῖναι
553 3997 587 4071 τδ
601 3995 788 4097 κυριύτατον,
802 3994 885 4101 φημῖ
899 3996 934 4084 δη
951 3994 985 4068 τδ
998 4005 1055 4085 τῆς
1072 3996 1247 4079 συντάξεως·

142 4263 169 4320 3.
185 4239 437 4325 *ἀθύρων-φησὶν]
449 4246 653 4319 θερῶν-φοσῖν
736 4264 784 4317 24.
806 4242 940 4325 κελεύθου]
956 4245 1076 4305 κέλοντεο

142 4340 170 4400 5.
193 4321 408 4407 Ιῖβαπτιζθρεναι]
423 4331 603 4400 βαπτιζόμενοι
738 4341 785 4400 25.
805 4334 860 4385 πῶς
874 4322 1027 4406 Lehrsius]
1043 4330 1077 4385 ὧν

142 4409 170 4465 6.
191 4403 471 4547 άνθέρικοςχζάνθέριξ
738 4411 783 4466 26.
806 4402 1175 4488 Γανυμήδους-Γανυμήδεος]
1198 4431 1246 4482 γα.

144 4508 189 4563 23.
212 4491 302 4562 ὥσπερ
357 4485 479 4570 kkerus]
495 4492 584 4565 ὥσπερ
599 4494 632 4550 ὡς
696 4491 983 4565 νυμὴδου-γανυμίρδεῖ
