2954 4936
519 227 691 287 1111on
724 229 759 285 B.
794 224 855 306 (2)

56 378 132 443 116.
170 377 199 442 8.
224 379 340 458 Κρῖσαν
352 381 457 439 om.eb
470 377 567 456 Κρίσα
578 377 661 460 quod

254 479 396 563 sequitur
436 479 470 542 in
512 480 661 544 lemmate

254 583 347 666 ponit

146 705 197 764 14.
223 687 337 767 Κρῖσάν
352 713 385 750 τε
401 686 506 766 ζαθέην

147 803 198 872 17.
222 792 253 854 οἵ
265 789 291 853 τ’
305 789 503 872 Ἀνεμώρειαν

147 894 199 961 26.
223 898 319 981 πηγῆς
333 895 382 958 ἐπὶ
398 899 548 976 Κηφισοῖο

58 1011 133 1078 117.
169 1015 200 1078 9.
223 1001 345 1078 Λοκρῶν
360 995 385 1060 δ’
401 998 578 1077 ἡγεμόνευεν

147 1120 198 1186 13.
221 1103 313 1181 μείων
327 1101 389 1164 οὔτι
405 1104 492 1167 τόσος
506 1127 542 1182 γε

148 1205 199 1268 16.
224 1206 304 1268 ἀλλὰ
318 1205 395 1268 πολὺ
409 1206 499 1282 μείων

47 1296 51 1303 ’
147 1327 200 1386 24.
224 1307 348 1386 Βῆσσάν
362 1333 393 1370 τε

147 1430 200 1492 29.
226 1413 301 1493 ἱερῆς
316 1413 446 1491 Εὐβοίης

60 1516 133 1581 118.
169 1529 200 1597 5.
224 1517 263 1602 τῷ
280 1521 305 1580 δ’
321 1515 370 1596 ἅμ’
386 1515 536 1596 Ἀβαντες

149 1639 199 1685 10.
223 1621 361 1702 αἰχμηταί
375 1627 526 1702 μεμαῶτες

1249 224 1316 284 349

801 396 853 444 22.
875 378 937 444 υἰες
951 379 967 440 ό
982 376 1038 457 μὲν
1054 377 1185 441 Κτεάτου

801 480 852 546 26.
874 471 904 543 οἱ
920 480 947 543 δ’
966 483 998 544 έκ
1015 483 1189 563 Δουλιχίοιο

716 602 787 668 123.
822 603 853 668 3.
876 583 963 665 πατρί
977 584 1124 666 χολωθείς

821 686 851 750 8.
875 690 904 751 εἰ
916 712 989 751 ποτε
1005 690 1170 771 Δουλίχιον

801 809 850 852 11.
874 792 905 852 οἵ
916 816 949 854 τε
965 791 1117 854 Ζάκυνθον

799 911 851 957 21.
876 893 981 974 οὐγὰρ
997 891 1037 957 ἔτ’
1054 896 1164 972 Οἰνῆος

800 1007 852 1076 25.
877 995 939 1059 οὐδ’
954 996 1001 1077 ἄρ’
1017 997 1058 1060 ἔτ’
1075 998 1160 1062 αὐτὸς
1177 998 1229 1076 ἔην

715 1117 786 1176 124.
821 1118 852 1178 4.
877 1101 967 1163 ἄλλοι
983 1099 1008 1164 θ’
1026 1100 1054 1163 οῖ
1070 1100 1189 1180 Κρήτην

802 1225 852 1268 10.
876 1205 904 1267 οῖ
920 1202 1025 1268 Ῥόδον
1039 1205 1240 1284 ἀμφινέμοιτο

803 1327 852 1386 14.
874 1307 911 1371 δν
925 1308 1010 1372 τέκεν
1023 1307 1203 1392 Ἀστυόχεια

800 1430 852 1477 21.
876 1413 967 1492 φίλον
981 1411 1100 1491 μήτρωα
1116 1413 1239 1478 κατέκτα

801 1514 852 1580 28.
877 1516 980 1579 αὐτίκα
994 1515 1104 1596 πατρὸς
1120 1519 1181 1581 έοῖο

801 1639 853 1704 33.
876 1624 918 1698 βῆ
933 1619 1053 1701 φεόγων
1068 1621 1117 1683 έπί
1131 1622 1243 1684 πόντον

150 1725 200 1788 16.
224 1727 252 1788 οἶ
267 1724 290 1787 δ’
307 1724 353 1806 ἄρ’
368 1724 495 1804 Ἀθήνας
511 1725 594 1809 εἰχον
716 1734 788 1803 125.
822 1742 854 1807 3.
878 1723 1046 1802 ἀπείλησαν
1060 1727 1116 1806 γὰρ
1132 1726 1160 1788 οἰ
1175 1724 1264 1788 ἄλλοι

147 1848 199 1914 31.
223 1829 262 1913 τῷ
279 1826 304 1891 δ’
320 1830 400 1893 οὔπω
415 1855 460 1894 τις
475 1830 574 1908 ὁμοῖος

64 1952 135 2015 119.
170 1953 201 2017 3.
225 1935 298 1997 Αἰας
318 1930 342 1996 δ’
359 1935 391 1997 ἐκ
407 1937 576 2010 Σαλαμῖνος
591 1931 664 2012 ίίγεν

256 2036 427 2100 δυοκαίδεκα

172 2154 201 2221 7.
226 2141 341 2206 ἰσόθεος
356 2140 420 2220 φός

151 2262 202 2309 20.
224 2241 360 2325 Ὀρνειάς
373 2242 399 2304 τ’
482 2270 488 2281 ·

150 2365 203 2413 22.
226 2346 387 2426 Πελλήνην
401 2344 427 2408 τ’
444 2346 526 2428 εἶχον

151 2463 202 2530 25.
227 2451 364 2531 αἰγιαλόν
378 2449 402 2512 τ’
420 2449 587 2514 ἀνδπάντα

151 2553 203 2621 28.
227 2560 284 2617 τῶν
300 2552 403 2617 έκατδν
418 2560 496 2634 νηῶν

151 2677 204 2742 31.
228 2650 359 2734 κυδιόων,
372 2661 445 2720 πᾶσι
460 2658 493 2721 δέ

66 2781 138 2828 120.
151 2835 159 2850 ι
174 2781 204 2847 3.
230 2763 352 2825 κυδιόων
366 2762 412 2824 ὅτι
426 2767 501 2825 πᾶσι

155 2882 205 2930 12.
229 2866 323 2946 Φᾶρίν
337 2890 370 2928 τε
385 2866 523 2944 Σπάρτην
536 2892 568 2930 τε

155 2987 205 3053 13.
230 2969 315 3051 (ναῖς
333 2968 391 3052 ὅτι)
407 2969 617 3051 πολυτρήρωνά
634 2995 667 3034 τε

262 3071 389 3150 Μέσσην

155 3174 205 3238 16.
229 3176 261 3238 οἰ
280 3200 311 3238 τε
334 3173 418 3240 Λάαν
441 3175 522 3259 εἶχον
543 3175 590 3256 ἠδ’
613 3179 667 3240 Οί-

259 3285 349 3344 τυλον
643 3293 648 3302 ’

155 3400 207 3460 24.
231 3383 279 3446 καί
296 3385 396 3464 Θρύον
411 3387 566 3466 Ἀλφειοῖο

65 3505 140 3554 121.
176 3487 207 3550 6.
230 3487 386 3564 ἀντόμεναι
402 3487 538 3567 Θάμυριν

156 3609 207 3674 13.
229 3591 413 3672 Οἰχαλίηθεν
428 3593 508 3655 ἰόντα

157 3705 207 3772 15.
232 3699 337 3756 στεῦτο
352 3697 408 3775 γὰρ
425 3695 582 3776 εὐχόμενος

159 3809 208 3877 17.
232 3798 263 3860 αἰ
278 3799 310 3860 δὲ
323 3796 533 3879 χολωσάμεναι

157 3918 209 3977 24.
231 3898 327 3981 πηρὸν
342 3899 432 3963 θέσαν

157 4021 209 4084 29.
233 4004 280 4066 καί
295 4001 459 4067 ἐκλέλαθον
475 4005 644 4082 κιθαριστύν

66 4125 143 4175 122.
182 4125 209 4169 1.
233 4106 261 4169 οῖ
277 4105 300 4169 δ’
317 4106 387 4189 ἔχον
400 4105 558 4186 Ἀρκαδίην

181 4223 210 4291 7.
232 4210 261 4273 οῖ
276 4211 390 4274 Φενεόν
403 4207 429 4273 τ’
446 4211 583 4289 ἐνέμοντο

161 4331 275 4391 10,14.
292 4312 378 4378 αὐτὸς
393 4313 450 4395 γάρ
467 4321 541 4395 σφιν

161 4414 211 4478 16.
234 4418 262 4478 οἰ
280 4415 305 4479 δ’
320 4416 377 4497 ἄρα
393 4418 577 4498 Βουπράσιον

163 4515 212 4580 18.
236 4520 308 4582 ὅσον
325 4518 371 4601 ἐφ’
388 4518 512 4604 Ὑρμίνη

822 1845 853 1907 9.
876 1829 982 1910 τριχθίι
998 1825 1031 1890 δὲ
1046 1825 1159 1912 ᾤκηθεν

804 1941 854 2010 15.
878 1929 1318 2010 καίσφιυθεσπέσιονπλοΰτον

804 2032 853 2096 18.
878 2033 987 2112 Νιρεὺς
1002 2033 1039 2096 αὖ
1054 2035 1189 2113 Σύμηθεν

803 2155 854 2202 21.
878 2137 933 2216 ἄγε
948 2143 1026 2217 τρεῖς
1041 2142 1113 2217 νῆας

802 2259 853 2326 23.
878 2242 1031 2322 Χαρόποιό
1045 2240 1069 2304 τ’
1086 2243 1212 2310 ἄνακτος

803 2348 854 2413 26.
878 2346 986 2429 Νιρεὺς
1001 2346 1033 2413 ῶς
1050 2345 1211 2415 κάλλιστος

719 2451 789 2517 126.
828 2471 855 2516 1.
879 2457 932 2516 νῦν
947 2453 982 2515 αθ
997 2452 1064 2518 τοὺς
1079 2453 1169 2515 όσσοι

805 2575 854 2634 14.
879 2557 1064 2635 Μυρμιδόνες
1079 2557 1111 2617 δὲ
1127 2561 1270 2620 καλεῦντο

806 2671 855 2738 15.
877 2658 946 2721 ἀλλ’
963 2659 994 2721 οί
1005 2657 1033 2739 γ’
1050 2659 1084 2722 οὐ
1099 2660 1242 2739 πολέμοιο

806 2781 855 2843 19.
878 2767 930 2842 τῆς
944 2764 997 2844 ὅγε
1013 2761 1081 2826 κεῖτ’
1099 2763 1197 2846 ἀχέων

803 2886 856 2948 49.
881 2867 1037 2946 Δήμητρος
1051 2865 1169 2943 τέμενος

720 2985 790 3053 127.
825 2983 854 3052 7.
878 2970 948 3053 ἔχεν
964 2968 1038 3033 κάτα
1052 2975 1124 3049 γαῖα
1137 2970 1262 3050 μέλαινα

806 3093 857 3152 24.
880 3062 934 3136 τόν
964 3071 1033 3157 (sie)
1072 3076 1104 3136 δὲ
1136 3074 1319 3153 Φιλοκτήτης

910 3177 1002 3260 ἢρκει

805 3282 856 3349 28.
880 3281 987 3367 Λήμνῳ
1002 3284 1035 3346 έν
1049 3281 1160 3367 ἠγαθέη

721 3385 792 3453 128.
809 3405 858 3464 14.
882 3388 913 3449 οἵ
925 3385 951 3447 τ’
967 3385 1039 3467 ἔχον
1054 3386 1204 3467 Οἰχαλίην

805 3509 857 3572 30.
879 3490 1099 3566 μενεπτόλεμος
1113 3489 1303 3567 Πολυποίτης

722 3610 793 3674 129.
831 3612 858 3655 1.
881 3591 944 3656 υἱὸς
960 3591 1128 3671 Πειριθόοιο

827 3715 858 3774 4.
883 3695 930 3758 καὶ
946 3695 1103 3758 Αἰθίκεσσι
1114 3695 1267 3757 πέλασσεν

809 3820 858 3863 10.
882 3800 911 3861 οἱ
925 3797 992 3878 περί
1009 3797 1157 3874 Δωδῶνηυ

723 3923 793 3988 130.
810 3921 859 3967 10.
883 3903 1004 3984 ὄτριχας
1019 3899 1131 3965 οἰέτεας

809 4006 859 4069 16.
882 4005 971 4086 ἄμφω
987 4004 1105 4079 θηλείας

808 4128 860 4193 33.
884 4111 928 4172 εῖν
945 4108 1074 4187 Ἀρίμοις
1096 4105 1143 4168 ὅθι
1166 4107 1242 4184 φασί
1261 4111 1321 4170 Τυ-

915 4208 1012 4291 φωέος

725 4332 796 4399 131.
812 4332 862 4392 14.
885 4312 903 4392 ῆ
918 4315 972 4392 μὲν
988 4310 1023 4388 δὴ
1037 4309 1120 4389 μάλα
1134 4310 1234 4375 πολλά

813 4435 865 4494 24.
889 4416 927 4482 ῶς
943 4413 1039 4495 ἔφαθ’,
1050 4412 1169 4494 Ἕκτωρ
1185 4412 1210 4475 δ’
1226 4414 1288 4476 οὔτι

813 4535 864 4602 27.
889 4519 966 4602 αἶψα
982 4516 1005 4581 δ’
1024 4517 1108 4582 έλυσ’
1125 4515 1234 4599 άγορήν
