2954 4936
425 202 596 263 ιλιιλον
626 203 667 272 τι,
692 203 723 262 ν.
755 196 916 280 (1617)
1179 193 1244 258 που

132 353 208 439 384.
232 349 370 440 ἔβαινον]
396 352 554 436 Superscr.
570 377 658 431 ησαν,
675 351 696 414 i.
709 372 736 414 e·
753 349 870 431 ἔβησαν

134 470 210 538 415.
235 454 367 544 ἐείσατο]
392 459 520 536 ἐπῆλθεν
649 473 724 540 432.
748 451 886 543 κατέκτα]
911 455 1108 534 όΛυκόφρων

134 577 209 642 470.
233 556 359 646 πρόϊον]
380 561 555 642 πρόσφατον
684 570 759 640 502.
783 555 899 645 ἄρκιον]
923 559 1059 638 ἁρμόζον,
1075 555 1230 639 συμφέρον

136 677 211 746 529.
236 660 345 752 θόρηξ]
367 667 419 726 τοῦ
434 662 574 743 Μέγητος
661 659 736 746 538.
759 658 792 749 ό]
817 660 955 742 ὁΜέγης

138 780 212 848 544.
237 763 410 854 ἐεισάσθην]
431 768 561 846 ἐπῆλθον
654 778 729 847 547.
752 761 847 852 όφρα]
869 763 903 828 τδ
920 767 1000 845 όφρα
1016 763 1081 828 ἀντὶ
1095 768 1148 828 τοῦ
1161 762 1232 829 τέως
1261 777 1278 838 5

138 869 212 951 558.
237 866 376 958 κτάσθαι]
399 872 580 950 ἀναιρεῖσθαι
669 867 744 949 598.
769 864 858 955 ἀρήν]
883 869 1006 930 ἱκετείαν

139 974 213 1055 679.
237 969 413 1062 κελητίζειν]
437 974 569 1037 ἱππεύειν
700 970 775 1036 681.
798 967 908 1057 δίηται]
934 971 1089 1050 ἱππεύηται

139 1076 212 1155 684.
238 1074 408 1164 ἀμείβεται]
431 1076 603 1156 μεταβαίνει

140 1180 213 1265 738.
238 1177 410 1268 ἑτεραλκέα]
435 1180 500 1244 ἀντὶ
515 1184 567 1243 τοῦ
583 1177 685 1260 ἑτέραν
700 1178 794 1258 ἀλκήν

582 1417 622 1478 τι.
667 1413 763 1496 (16)

144 1609 194 1655 12.
218 1584 413 1678 πιφαύσκεαι]
431 1589 495 1655 ἀντὶ
509 1593 561 1653 τοῦ
576 1590 727 1670 σημαίνεις

140 1707 194 1775 47.
212 1690 364 1782 λιτέσθαι]
389 1695 527 1758 ἱκετεύειν
659 1688 710 1773 85.
731 1688 774 1780 οἱ]
794 1687 830 1758 οὗ
844 1690 878 1775 (i.
891 1712 917 1756 e.
933 1691 1025 1773 οὗτοι)

144 1815 218 1863 202.
241 1794 327 1860 πάνθ’
341 1796 399 1860 ὑπὸ
414 1792 571 1885 μηνιθμόν]
595 1794 652 1859 ὑπὸ
666 1796 765 1859 πάντα
780 1794 831 1860 τδν
842 1798 893 1874 τῆς
908 1797 997 1877 ἀργῆς
1011 1796 1119 1877 χρόνον

144 1917 217 1985 233.
241 1905 402 1965 Δωδωναῖε
416 1897 607 1988 Πελασγικέ]
630 1901 659 1963 οἱ
675 1899 832 1965 Θεσσαλοὶ
848 1901 1036 1981 Πελασγικοὶ
1050 1897 1189 1979 λέγοντας

145 2017 218 2085 272.
242 2002 408 2087 ἀγχέμαχοι
422 2000 613 2091 θεράποντες]
634 2003 752 2084 ἄριστοί
764 2005 822 2066 εἱσι
838 2003 975 2082 δηλονότι
1269 2021 1305 2082 15

144 2107 218 2192 336.
240 2103 362 2194 μέλεον]
385 2105 510 2187 μάταιον

145 2224 219 2294 374.
242 2207 368 2298 τμάγεν]
394 2210 441 2274 καὶ
455 2215 540 2274 τοῦτο
557 2213 604 2274 διδι
619 2215 702 2275 τοΰὲ
822 2206 932 2296 ἄελλα]
957 2209 973 2271 ό
991 2209 1137 2289 κονιορτός

146 2325 220 2398 375.
242 2313 300 2378 ὑπὸ
316 2311 445 2402 νεφέων]
461 2313 518 2378 ὑπὸ
534 2318 571 2378 τδ
586 2314 661 2397 νέφη
675 2312 693 2393 ῆ
707 2311 765 2378 ὑπὸ
779 2317 839 2376 τῶν
855 2311 970 2392 ἀνέμων

145 2435 219 2502 392.
243 2417 290 2482 ἐπὶ
307 2414 375 2505 κάρ]
393 2419 440 2481 ἐπὶ
457 2416 592 2497 κεφαλήν
680 2436 755 2496 441.
776 2411 984 2503 πεπρωμένον]
1010 2414 1254 2495 κατακεκριμένον

144 2522 219 2603 456.
243 2517 440 2610 ταρχύσουσι]
465 2521 597 2604 θόψουσι
726 2532 802 2602 459.
824 2516 951 2607 ψιάδας]
976 2521 1099 2600 δρόσους
1270 2549 1308 2590 20

147 2623 221 2703 468.
247 2621 373 2713 ἀΐσθων]
398 2626 507 2705 ἀλγῶν,
524 2623 656 2690 ἐκπνέων

145 2728 220 2810 469.
243 2725 357 2816 μακδν]
381 2727 583 2808 μυκησόμενος
713 2741 787 2809 470.
809 2723 904 2814 κρίκε]
925 2724 1039 2810 ἤχησεν

144 2845 220 2910 471.
243 2827 403 2918 παρήορος]
428 2831 514 2910 ἀέξω
529 2836 581 2894 τοῦ
598 2831 685 2913 ζυγοῦ
699 2832 787 2897 ἵππος

145 2928 220 3015 476.
246 2931 381 3022 συνίτην]
409 2932 581 3015 Πάτροκλος
597 2935 644 2997 καὶ
659 2934 822 3018 Σαρπηδών

146 3056 221 3118 491.
244 3033 398 3125 μενέαινε]
422 3039 630 3120 ἐλιποψύχησε
760 3037 835 3119 567.
858 3035 981 3126 ὑσμίνη]
1003 3038 1149 3117 ἀορασίαν
1272 3060 1309 3121 25

147 3152 221 3225 573.
247 3137 390 3228 Βουδείῳ]
410 3142 497 3207 πόλις
510 3142 651 3209 Βοιωτίας
716 3153 791 3223 591.
811 3139 1045 3230 θυμοραϊστέων]
1064 3143 1259 3223 θυμοφθόρων

148 3245 221 3328 613.
245 3238 345 3331 ἀφίει]
369 3243 527 3324 ἀπέπεμψε
643 3244 717 3326 685.
741 3242 853 3332 ἀάσθη]
876 3245 997 3326 ἐβλάβη

149 3361 221 3431 713.
246 3342 321 3434 δίζε]
346 3348 553 3426 ἀμφέβαλλεν,
571 3348 722 3426 ἐδίσταζεν
848 3361 921 3429 747.
943 3345 1050 3436 τήθεα]
1074 3349 1185 3430 ὄστρεα

148 3463 221 3531 754.
246 3446 340 3537 ἆλσο]
365 3451 404 3517 ὡς
419 3451 493 3513 ἆλτο

151 3553 223 3636 825.
247 3554 368 3620 πίδακος
383 3551 456 3636 ἀμφ’
472 3551 592 3642 ὀλίγης]
608 3554 674 3636 περὶ
688 3558 792 3636 μικρᾶς
806 3557 902 3636 πηγῆς

596 3791 627 3850 Ρ.
675 3788 769 3870 (ιν)

152 3985 180 4030 1.
204 3963 263 4030 οὐδ’
280 3963 380 4054 ἔλαθ’]
406 3966 470 4030 καθ’
485 3966 654 4048 ὑπερβατὸν
668 3967 721 4031 οὐκ
736 3966 827 4032 ἔλαθε
843 3968 876 4032 δέ

149 4083 181 4143 4.
204 4060 342 4153 πόρτακι]
367 4066 492 4146 δαμάλει
622 4078 653 4147 5.
678 4060 792 4154 κινυρή]
816 4068 925 4148 οἰκτρὰ,
942 4064 1076 4144 όδνρτική

151 4187 181 4249 9.
201 4165 278 4255 υἱός]
303 4169 494 4250 δΕύφορβος
628 4182 678 4251 17.
701 4167 857 4258 μελιηδέα]
881 4173 1015 4251 προσηνῆ

154 4289 206 4337 22.
229 4269 419 4359 βλεμεαίνει]
444 4273 663 4354 ἐπιρρόννυται,
679 4272 776 4338 δεινδν
790 4274 909 4352 βλέπει,
925 4271 1067 4336 πέποιθεν
1276 4310 1315 4370 35

153 4392 204 4459 23.
226 4371 397 4463 ἐϋμμελίαι]
414 4377 573 4454 πολεμικοί
659 4393 712 4455 24.
727 4372 938 4464 Ὑπερήνορος]
955 4374 1087 4459 ἀδελφὸς
1099 4375 1261 4458 Εάφόρβου

153 4490 204 4558 25.
228 4479 278 4541 ὅτε
292 4476 324 4557 μ’
336 4474 447 4565 ὤνατο]
471 4480 521 4542 ὅτε
535 4505 573 4559 με
588 4480 714 4561 ὕβρισεν

120 4584 124 4593 ’
151 4614 221 4662 von.
237 4616 274 4660 11.
673 4617 691 4656 z
