<?xml version="1.0" encoding="UTF-8"?>
<!DOCTYPE html PUBLIC "-//W3C//DTD XHTML 1.0 Transitional//EN"
    "http://www.w3.org/TR/xhtml1/DTD/xhtml1-transitional.dtd">
<html xmlns="http://www.w3.org/1999/xhtml" xml:lang="en" lang="en">
 <head>
  <title>
</title>
<meta http-equiv="Content-Type" content="text/html;charset=utf-8" />
  <meta name='ocr-system' content='tesseract 3.04.00' />
  <meta name='ocr-capabilities' content='ocr_page ocr_carea ocr_par ocr_line ocrx_word'/>
</head>
<body>
  <div class='ocr_page' id='page_1' title='image "./scholiagraecain05dindgoog_0222.png"; bbox 0 0 2954 4936; ppageno 0'>
   <div class='ocr_carea' id='block_1_1' title="bbox 133 230 889 315">
    <p class='ocr_par' dir='ltr' id='par_1_1' title="bbox 133 230 889 315">
     <span class='ocr_line' id='line_1_1' title="bbox 133 230 889 315; baseline 0.003 -21"><span class='ocrx_word' id='word_1_1' title='bbox 133 231 198 294; x_wconf 82' lang='grc' dir='ltr'>2οο</span> <span class='ocrx_word' id='word_1_2' title='bbox 532 235 704 299; x_wconf 59' lang='lat' dir='ltr'>minoz</span> <span class='ocrx_word' id='word_1_3' title='bbox 734 235 772 297; x_wconf 89' lang='lat' dir='ltr'>x.</span> <span class='ocrx_word' id='word_1_4' title='bbox 804 230 889 315; x_wconf 82' lang='grc'>(22)</span> 
     </span>
    </p>
   </div>
   <div class='ocr_carea' id='block_1_2' title="bbox 132 382 1288 598">
    <p class='ocr_par' dir='ltr' id='par_1_2' title="bbox 132 382 1288 598">
     <span class='ocr_line' id='line_1_2' title="bbox 132 382 1288 485; baseline 0.003 -29"><span class='ocrx_word' id='word_1_5' title='bbox 132 382 292 482; x_wconf 87' lang='grc' dir='ltr'>ἀμπέχειν.</span> <span class='ocrx_word' id='word_1_6' title='bbox 323 383 478 479; x_wconf 88' lang='grc' dir='ltr'>ἀναδέσμη</span> <span class='ocrx_word' id='word_1_7' title='bbox 495 384 526 457; x_wconf 72' lang='grc' dir='ltr'>δέ</span> <span class='ocrx_word' id='word_1_8' title='bbox 545 387 670 482; x_wconf 89' lang='grc' dir='ltr'>λέγεται</span> <span class='ocrx_word' id='word_1_9' title='bbox 690 385 775 484; x_wconf 81' lang='grc' dir='ltr'>σειρδι</span> <span class='ocrx_word' id='word_1_10' title='bbox 791 385 825 475; x_wconf 73' lang='grc' dir='ltr'>ἣν</span> <span class='ocrx_word' id='word_1_11' title='bbox 838 385 937 485; x_wconf 81' lang='grc' dir='ltr'>κύκλρ</span> <span class='ocrx_word' id='word_1_12' title='bbox 949 382 1016 483; x_wconf 70' lang='grc' dir='ltr'>περὶ</span> <span class='ocrx_word' id='word_1_13' title='bbox 1029 384 1098 466; x_wconf 76' lang='grc' dir='ltr'>τούς</span> <span class='ocrx_word' id='word_1_14' title='bbox 1114 387 1288 485; x_wconf 72' lang='grc' dir='ltr'>κροτάφους</span> 
     </span>
     <span class='ocr_line' id='line_1_3' title="bbox 132 498 1288 598; baseline 0.004 -26"><span class='ocrx_word' id='word_1_15' title='bbox 132 501 311 574; x_wconf 71' lang='grc' dir='ltr'><em>ἀναδοῦνται.</em></span> <span class='ocrx_word' id='word_1_16' title='bbox 348 512 488 575; x_wconf 85' lang='grc' dir='ltr'>καλεῖται</span> <span class='ocrx_word' id='word_1_17' title='bbox 515 502 547 574; x_wconf 72' lang='grc' dir='ltr'>δέ</span> <span class='ocrx_word' id='word_1_18' title='bbox 570 502 618 575; x_wconf 72' lang='grc' dir='ltr'>ὑπ’</span> <span class='ocrx_word' id='word_1_19' title='bbox 636 498 713 576; x_wconf 83' lang='grc' dir='ltr'>ένίων</span> <span class='ocrx_word' id='word_1_20' title='bbox 735 503 921 590; x_wconf 85' lang='grc' dir='ltr'>καλαυδάκη.</span> <span class='ocrx_word' id='word_1_21' title='bbox 956 502 1112 598; x_wconf 88' lang='grc' dir='ltr'>κρήδεμνον</span> <span class='ocrx_word' id='word_1_22' title='bbox 1136 503 1171 576; x_wconf 69' lang='grc' dir='ltr'>δέ</span> <span class='ocrx_word' id='word_1_23' title='bbox 1193 505 1288 577; x_wconf 89' lang='grc' dir='ltr'>πάλιν</span> 
     </span>
    </p>
   </div>
   <div class='ocr_carea' id='block_1_3' title="bbox 116 615 1334 3171">
    <p class='ocr_par' dir='ltr' id='par_1_3' title="bbox 132 615 1320 952">
     <span class='ocr_line' id='line_1_4' title="bbox 132 615 1320 721; baseline -0.003 -33"><span class='ocrx_word' id='word_1_24' title='bbox 132 619 166 688; x_wconf 88' lang='grc' dir='ltr'>τδ</span> <span class='ocrx_word' id='word_1_25' title='bbox 183 616 339 714; x_wconf 85' lang='grc' dir='ltr'>μαφόριον,</span> <span class='ocrx_word' id='word_1_26' title='bbox 358 619 396 699; x_wconf 79' lang='grc' dir='ltr'>ὥς</span> <span class='ocrx_word' id='word_1_27' title='bbox 413 615 447 690; x_wconf 70' lang='lat' dir='ltr'>‘ri</span> <span class='ocrx_word' id='word_1_28' title='bbox 466 627 486 658; x_wconf 92' lang='lat'>“</span> <span class='ocrx_word' id='word_1_29' title='bbox 498 620 633 714; x_wconf 77' lang='grc' dir='ltr'>σχομένη</span> <span class='ocrx_word' id='word_1_30' title='bbox 650 619 765 717; x_wconf 83' lang='grc' dir='ltr'>λιπαρά</span> <span class='ocrx_word' id='word_1_31' title='bbox 782 617 957 721; x_wconf 85' lang='grc' dir='ltr'>κρήδεμνα”</span> <span class='ocrx_word' id='word_1_32' title='bbox 978 618 1054 716; x_wconf 81' lang='lat' dir='ltr'>(Od.</span> <span class='ocrx_word' id='word_1_33' title='bbox 1072 647 1101 706; x_wconf 89' lang='lat'>1,</span> <span class='ocrx_word' id='word_1_34' title='bbox 1119 619 1218 719; x_wconf 82' lang='lat'>334).</span> <span class='ocrx_word' id='word_1_35' title='bbox 1314 676 1320 685; x_wconf 86' lang='lat'><strong>.</strong></span> 
     </span>
     <span class='ocr_line' id='line_1_5' title="bbox 180 732 1286 836; baseline 0.005 -30"><span class='ocrx_word' id='word_1_36' title='bbox 180 733 408 834; x_wconf 83' lang='grc' dir='ltr'>*κεκρύφαλον]</span> <span class='ocrx_word' id='word_1_37' title='bbox 419 735 502 834; x_wconf 76' lang='grc' dir='ltr'>παρὰ</span> <span class='ocrx_word' id='word_1_38' title='bbox 519 746 581 817; x_wconf 81' lang='grc' dir='ltr'>τοῖς</span> <span class='ocrx_word' id='word_1_39' title='bbox 599 736 746 835; x_wconf 73' lang='grc' dir='ltr'>νεωτέροις</span> <span class='ocrx_word' id='word_1_40' title='bbox 763 735 925 810; x_wconf 83' lang='grc' dir='ltr'>έκτείνεται</span> <span class='ocrx_word' id='word_1_41' title='bbox 939 732 973 808; x_wconf 85' lang='grc' dir='ltr'>τδ</span> <span class='ocrx_word' id='word_1_42' title='bbox 986 741 1005 808; x_wconf 78' lang='grc' dir='ltr'>υ</span> <span class='ocrx_word' id='word_1_43' title='bbox 1017 745 1069 809; x_wconf 79' lang='grc' dir='ltr'>τού</span> <span class='ocrx_word' id='word_1_44' title='bbox 1082 740 1286 836; x_wconf 87' lang='grc' dir='ltr'>κεκρυφάλου.</span> 
     </span>
     <span class='ocr_line' id='line_1_6' title="bbox 181 849 1317 952; baseline 0.004 -29"><span class='ocrx_word' id='word_1_45' title='bbox 181 873 254 943; x_wconf 88' lang='lat'>470.</span> <span class='ocrx_word' id='word_1_46' title='bbox 284 849 354 950; x_wconf 80' lang='grc' dir='ltr'><strong><em>*θ’]</em></strong></span> <span class='ocrx_word' id='word_1_47' title='bbox 377 851 410 925; x_wconf 81' lang='grc' dir='ltr'>ἔκ</span> <span class='ocrx_word' id='word_1_48' title='bbox 434 855 566 950; x_wconf 87' lang='grc' dir='ltr'>πλήρους</span> <span class='ocrx_word' id='word_1_49' title='bbox 589 857 604 925; x_wconf 87' lang='lat' dir='ltr'>o‘</span> <span class='ocrx_word' id='word_1_50' title='bbox 627 855 662 926; x_wconf 93' lang='grc' dir='ltr'>τέ</span> <span class='ocrx_word' id='word_1_51' title='bbox 689 853 863 949; x_wconf 72' lang='grc' dir='ltr'>σύνδεσμος,</span> <span class='ocrx_word' id='word_1_52' title='bbox 891 852 1083 952; x_wconf 87' lang='grc' dir='ltr'>κρήδεμνόν</span> <span class='ocrx_word' id='word_1_53' title='bbox 1107 887 1157 928; x_wconf 92' lang='grc' dir='ltr'>τε.</span> <span class='ocrx_word' id='word_1_54' title='bbox 1195 851 1317 937; x_wconf 80' lang='grc' dir='ltr'>ούτως5</span> 
     </span>
    </p>

    <p class='ocr_par' dir='ltr' id='par_1_4' title="bbox 131 965 263 1041">
     <span class='ocr_line' id='line_1_7' title="bbox 131 965 263 1041; baseline 0 -1"><span class='ocrx_word' id='word_1_55' title='bbox 131 965 263 1041; x_wconf 87' lang='grc' dir='ltr'>ἀπασαι.</span> 
     </span>
    </p>

    <p class='ocr_par' dir='ltr' id='par_1_5' title="bbox 180 1083 1285 1190">
     <span class='ocr_line' id='line_1_8' title="bbox 180 1083 1285 1190; baseline 0.004 -33"><span class='ocrx_word' id='word_1_56' title='bbox 180 1109 255 1180; x_wconf 74' lang='grc'>473.</span> <span class='ocrx_word' id='word_1_57' title='bbox 279 1085 410 1185; x_wconf 74' lang='grc' dir='ltr'>γαλόῳ,</span> <span class='ocrx_word' id='word_1_58' title='bbox 430 1083 530 1172; x_wconf 84' lang='grc' dir='ltr'>ούτως,</span> <span class='ocrx_word' id='word_1_59' title='bbox 545 1096 584 1190; x_wconf 80' lang='grc' dir='ltr'>τῇ</span> <span class='ocrx_word' id='word_1_60' title='bbox 600 1085 718 1182; x_wconf 72' lang='grc' dir='ltr'>γυναικί</span> <span class='ocrx_word' id='word_1_61' title='bbox 731 1087 767 1160; x_wconf 85' lang='grc' dir='ltr'>αἶ</span> <span class='ocrx_word' id='word_1_62' title='bbox 776 1097 828 1160; x_wconf 79' lang='grc' dir='ltr'>τού</span> <span class='ocrx_word' id='word_1_63' title='bbox 845 1085 946 1186; x_wconf 88' lang='grc' dir='ltr'>ἀνδρδς</span> <span class='ocrx_word' id='word_1_64' title='bbox 959 1087 1105 1182; x_wconf 82' lang='grc' dir='ltr'>ἀδελφαί.</span> <span class='ocrx_word' id='word_1_65' title='bbox 1135 1088 1285 1188; x_wconf 81' lang='grc' dir='ltr'>είνάτερες</span> 
     </span>
    </p>

    <p class='ocr_par' dir='ltr' id='par_1_6' title="bbox 131 1202 1284 1419">
     <span class='ocr_line' id='line_1_9' title="bbox 131 1202 853 1300; baseline 0.007 -27"><span class='ocrx_word' id='word_1_66' title='bbox 131 1202 161 1275; x_wconf 72' lang='grc' dir='ltr'>δέ</span> <span class='ocrx_word' id='word_1_67' title='bbox 179 1204 213 1275; x_wconf 75' lang='grc' dir='ltr'>αἱ</span> <span class='ocrx_word' id='word_1_68' title='bbox 228 1213 283 1275; x_wconf 78' lang='grc' dir='ltr'>τῶν</span> <span class='ocrx_word' id='word_1_69' title='bbox 300 1203 438 1293; x_wconf 79' lang='grc' dir='ltr'>ἀδελφῶν</span> <span class='ocrx_word' id='word_1_70' title='bbox 456 1213 596 1299; x_wconf 82' lang='grc' dir='ltr'>γυναῖκες</span> <span class='ocrx_word' id='word_1_71' title='bbox 612 1203 685 1300; x_wconf 86' lang='grc' dir='ltr'>πρδς</span> <span class='ocrx_word' id='word_1_72' title='bbox 701 1205 853 1293; x_wconf 78' lang='grc' dir='ltr'>ἀλλήλας.</span> 
     </span>
     <span class='ocr_line' id='line_1_10' title="bbox 180 1315 1284 1419; baseline 0.003 -28"><span class='ocrx_word' id='word_1_73' title='bbox 180 1318 234 1417; x_wconf 88' lang='grc' dir='ltr'>πρδ</span> <span class='ocrx_word' id='word_1_74' title='bbox 261 1318 367 1401; x_wconf 85' lang='grc' dir='ltr'>τέλους</span> <span class='ocrx_word' id='word_1_75' title='bbox 391 1324 410 1409; x_wconf 86' lang='grc' dir='ltr'>ή</span> <span class='ocrx_word' id='word_1_76' title='bbox 436 1321 529 1404; x_wconf 79' lang='grc' dir='ltr'>όξεῒα·</span> <span class='ocrx_word' id='word_1_77' title='bbox 557 1321 592 1391; x_wconf 77' lang='grc' dir='ltr'>αἱ</span> <span class='ocrx_word' id='word_1_78' title='bbox 614 1320 674 1417; x_wconf 85' lang='grc' dir='ltr'>γδιρ</span> <span class='ocrx_word' id='word_1_79' title='bbox 696 1321 740 1402; x_wconf 81' lang='grc' dir='ltr'>εἷς</span> <span class='ocrx_word' id='word_1_80' title='bbox 755 1321 778 1394; x_wconf 71' lang='grc' dir='ltr'>ω</span> <span class='ocrx_word' id='word_1_81' title='bbox 795 1322 945 1416; x_wconf 73' lang='grc' dir='ltr'>λήγουσαν</span> <span class='ocrx_word' id='word_1_82' title='bbox 972 1315 1086 1392; x_wconf 72' lang='grc' dir='ltr'>δοτικαῖ</span> <span class='ocrx_word' id='word_1_83' title='bbox 1112 1321 1284 1419; x_wconf 80' lang='grc' dir='ltr'>βαρύτονοι,</span> 
     </span>
    </p>

    <p class='ocr_par' dir='ltr' id='par_1_7' title="bbox 132 1432 1332 1531">
     <span class='ocr_line' id='line_1_11' title="bbox 132 1432 1332 1531; baseline -0.001 -23"><span class='ocrx_word' id='word_1_84' title='bbox 132 1435 391 1528; x_wconf 77' lang='grc' dir='ltr'>συνεμπίπτουσαν</span> <span class='ocrx_word' id='word_1_85' title='bbox 410 1443 624 1524; x_wconf 82' lang='grc' dir='ltr'>πληθυντικαΐς</span> <span class='ocrx_word' id='word_1_86' title='bbox 642 1435 778 1524; x_wconf 72' lang='grc' dir='ltr'>εὐθείαις,</span> <span class='ocrx_word' id='word_1_87' title='bbox 798 1432 1036 1531; x_wconf 91' lang='grc' dir='ltr'>σννεμπίπτουσι</span> <span class='ocrx_word' id='word_1_88' title='bbox 1059 1434 1113 1508; x_wconf 76' lang='grc' dir='ltr'>καὶ</span> <span class='ocrx_word' id='word_1_89' title='bbox 1136 1436 1219 1509; x_wconf 81' lang='grc' dir='ltr'>κατδι</span> <span class='ocrx_word' id='word_1_90' title='bbox 1236 1435 1285 1508; x_wconf 86' lang='grc' dir='ltr'>τδν</span> <span class='ocrx_word' id='word_1_91' title='bbox 1300 1465 1332 1507; x_wconf 87' lang='lat'>10</span> 
     </span>
    </p>

    <p class='ocr_par' dir='ltr' id='par_1_8' title="bbox 130 1549 1285 1766">
     <span class='ocr_line' id='line_1_12' title="bbox 130 1549 634 1650; baseline 0 -26"><span class='ocrx_word' id='word_1_92' title='bbox 130 1551 219 1625; x_wconf 89' lang='grc' dir='ltr'>τόνον·</span> <span class='ocrx_word' id='word_1_93' title='bbox 246 1560 288 1650; x_wconf 76' lang='grc' dir='ltr'>τῷ</span> <span class='ocrx_word' id='word_1_94' title='bbox 305 1549 437 1649; x_wconf 77' lang='grc' dir='ltr'>λιπόνεηι,</span> <span class='ocrx_word' id='word_1_95' title='bbox 455 1553 484 1623; x_wconf 81' lang='grc' dir='ltr'>οἵ</span> <span class='ocrx_word' id='word_1_96' title='bbox 499 1551 634 1650; x_wconf 79' lang='grc' dir='ltr'>λιπόνερ.</span> 
     </span>
     <span class='ocr_line' id='line_1_13' title="bbox 182 1665 1285 1766; baseline 0.001 -27"><span class='ocrx_word' id='word_1_97' title='bbox 182 1668 328 1765; x_wconf 83' lang='grc' dir='ltr'>εἷνάτερες</span> <span class='ocrx_word' id='word_1_98' title='bbox 351 1667 389 1747; x_wconf 82' lang='grc' dir='ltr'>ὦς</span> <span class='ocrx_word' id='word_1_99' title='bbox 409 1668 598 1763; x_wconf 77' lang='grc' dir='ltr'>Δημήτερος.</span> <span class='ocrx_word' id='word_1_100' title='bbox 631 1665 721 1750; x_wconf 81' lang='grc' dir='ltr'>ούτως</span> <span class='ocrx_word' id='word_1_101' title='bbox 746 1671 868 1750; x_wconf 90' lang='grc' dir='ltr'>πάντες·</span> <span class='ocrx_word' id='word_1_102' title='bbox 896 1666 947 1740; x_wconf 73' lang='grc' dir='ltr'>καὶ</span> <span class='ocrx_word' id='word_1_103' title='bbox 972 1668 1013 1740; x_wconf 87' lang='grc' dir='ltr'>τδι</span> <span class='ocrx_word' id='word_1_104' title='bbox 1038 1677 1095 1757; x_wconf 76' lang='grc' dir='ltr'>τῆς</span> <span class='ocrx_word' id='word_1_105' title='bbox 1118 1669 1285 1766; x_wconf 80' lang='grc' dir='ltr'>ἀναλογίας</span> 
     </span>
    </p>

    <p class='ocr_par' dir='ltr' id='par_1_9' title="bbox 116 1780 732 1882">
     <span class='ocr_line' id='line_1_14' title="bbox 116 1780 732 1882; baseline -0.002 -24"><span class='ocrx_word' id='word_1_106' title='bbox 116 1785 290 1882; x_wconf 22' lang='grc' dir='ltr'>,ε’πικρατεῖ</span> <span class='ocrx_word' id='word_1_107' title='bbox 301 1780 392 1865; x_wconf 82' lang='grc' dir='ltr'>ούτως</span> <span class='ocrx_word' id='word_1_108' title='bbox 409 1783 529 1878; x_wconf 81' lang='grc' dir='ltr'>έχοντα,</span> <span class='ocrx_word' id='word_1_109' title='bbox 548 1785 584 1866; x_wconf 81' lang='grc' dir='ltr'>ὦς</span> <span class='ocrx_word' id='word_1_110' title='bbox 603 1783 732 1880; x_wconf 85' lang='grc' dir='ltr'>έδείχθη.</span> 
     </span>
    </p>

    <p class='ocr_par' dir='ltr' id='par_1_10' title="bbox 183 1897 486 1999">
     <span class='ocr_line' id='line_1_15' title="bbox 183 1897 486 1999; baseline -0.003 -27"><span class='ocrx_word' id='word_1_111' title='bbox 183 1899 261 1999; x_wconf 83' lang='grc' dir='ltr'>*γρ.</span> <span class='ocrx_word' id='word_1_112' title='bbox 280 1898 365 1980; x_wconf 82' lang='grc' dir='ltr'>άλις</span> <span class='ocrx_word' id='word_1_113' title='bbox 384 1897 486 1988; x_wconf 69' lang='grc' dir='ltr'>ἦσαν.</span> 
     </span>
    </p>

    <p class='ocr_par' dir='ltr' id='par_1_11' title="bbox 131 2012 1331 2233">
     <span class='ocr_line' id='line_1_16' title="bbox 181 2012 1331 2118; baseline 0.001 -29"><span class='ocrx_word' id='word_1_114' title='bbox 181 2040 254 2108; x_wconf 91' lang='lat'>474.</span> <span class='ocrx_word' id='word_1_115' title='bbox 282 2012 346 2090; x_wconf 81' lang='grc' dir='ltr'>αίέ</span> <span class='ocrx_word' id='word_1_116' title='bbox 363 2017 445 2111; x_wconf 83' lang='grc' dir='ltr'>μετδι</span> <span class='ocrx_word' id='word_1_117' title='bbox 469 2015 592 2115; x_wconf 88' lang='grc' dir='ltr'>σφίσιν]</span> <span class='ocrx_word' id='word_1_118' title='bbox 617 2017 812 2113; x_wconf 84' lang='grc' dir='ltr'>όρθοτονητέον</span> <span class='ocrx_word' id='word_1_119' title='bbox 828 2019 881 2108; x_wconf 71' lang='grc' dir='ltr'>τήν</span> <span class='ocrx_word' id='word_1_120' title='bbox 900 2015 1047 2112; x_wconf 90' lang='grc' dir='ltr'>σφίσιν·</span> <span class='ocrx_word' id='word_1_121' title='bbox 1073 2017 1119 2100; x_wconf 92' lang='grc' dir='ltr'>ει’ς</span> <span class='ocrx_word' id='word_1_122' title='bbox 1135 2017 1198 2118; x_wconf 82' lang='grc' dir='ltr'>γάρ</span> <span class='ocrx_word' id='word_1_123' title='bbox 1217 2018 1286 2090; x_wconf 86' lang='grc' dir='ltr'>σύν·</span> <span class='ocrx_word' id='word_1_124' title='bbox 1301 2052 1331 2114; x_wconf 86' lang='lat'>15</span> 
     </span>
     <span class='ocr_line' id='line_1_17' title="bbox 131 2123 1154 2233; baseline 0.001 -27"><span class='ocrx_word' id='word_1_125' title='bbox 131 2143 211 2208; x_wconf 84' lang='grc' dir='ltr'>θετον</span> <span class='ocrx_word' id='word_1_126' title='bbox 226 2140 245 2226; x_wconf 84' lang='grc' dir='ltr'><em>ἡ</em></span> <span class='ocrx_word' id='word_1_127' title='bbox 262 2137 448 2229; x_wconf 75' lang='grc' dir='ltr'>μετάληψις.</span> <span class='ocrx_word' id='word_1_128' title='bbox 485 2133 602 2228; x_wconf 84' lang='grc' dir='ltr'>’έφοιμεν</span> <span class='ocrx_word' id='word_1_129' title='bbox 613 2123 649 2207; x_wconf 51' lang='grc' dir='ltr'>’δὲ</span> <span class='ocrx_word' id='word_1_130' title='bbox 667 2136 706 2216; x_wconf 77' lang='grc' dir='ltr'>ὧς</span> <span class='ocrx_word' id='word_1_131' title='bbox 721 2135 906 2233; x_wconf 75' lang='grc' dir='ltr'>ἀναστρέφει</span> <span class='ocrx_word' id='word_1_132' title='bbox 923 2135 964 2208; x_wconf 82' lang='grc' dir='ltr'>τδι</span> <span class='ocrx_word' id='word_1_133' title='bbox 981 2143 1033 2207; x_wconf 76' lang='grc' dir='ltr'>τοῦ</span> <span class='ocrx_word' id='word_1_134' title='bbox 1049 2133 1154 2232; x_wconf 84' lang='grc' dir='ltr'>λόγου.</span> 
     </span>
    </p>

    <p class='ocr_par' dir='ltr' id='par_1_12' title="bbox 131 2247 1285 2468">
     <span class='ocr_line' id='line_1_18' title="bbox 181 2247 1285 2352; baseline 0 -26"><span class='ocrx_word' id='word_1_135' title='bbox 181 2278 254 2347; x_wconf 84' lang='grc'>475.</span> <span class='ocrx_word' id='word_1_136' title='bbox 282 2247 430 2350; x_wconf 87' lang='grc' dir='ltr'>ἀμπνυτο]</span> <span class='ocrx_word' id='word_1_137' title='bbox 457 2253 506 2325; x_wconf 81' lang='grc' dir='ltr'>διδ</span> <span class='ocrx_word' id='word_1_138' title='bbox 523 2262 574 2325; x_wconf 78' lang='grc' dir='ltr'>τοῦ</span> <span class='ocrx_word' id='word_1_139' title='bbox 592 2252 817 2352; x_wconf 78' lang='grc' dir='ltr'>ἒἈρίσταρχος</span> <span class='ocrx_word' id='word_1_140' title='bbox 835 2253 1000 2348; x_wconf 85' lang='grc' dir='ltr'>έμπνυτο,</span> <span class='ocrx_word' id='word_1_141' title='bbox 1015 2253 1142 2350; x_wconf 84' lang='grc' dir='ltr'>έμπνους</span> <span class='ocrx_word' id='word_1_142' title='bbox 1156 2254 1285 2351; x_wconf 69' lang='grc' dir='ltr'>ἐγένετο.</span> 
     </span>
     <span class='ocr_line' id='line_1_19' title="bbox 131 2367 1111 2468; baseline -0.001 -25"><span class='ocrx_word' id='word_1_143' title='bbox 131 2367 182 2443; x_wconf 70' lang='grc' dir='ltr'>καί</span> <span class='ocrx_word' id='word_1_144' title='bbox 201 2368 248 2443; x_wconf 72' lang='grc' dir='ltr'>έπδ</span> <span class='ocrx_word' id='word_1_145' title='bbox 266 2379 317 2443; x_wconf 79' lang='grc' dir='ltr'>τού</span> <span class='ocrx_word' id='word_1_146' title='bbox 334 2369 520 2468; x_wconf 80' lang='grc' dir='ltr'>Σαρπηδόνος</span> <span class='ocrx_word' id='word_1_147' title='bbox 538 2371 593 2461; x_wconf 88' lang='lat' dir='ltr'><strong>(Il.</strong></span> <span class='ocrx_word' id='word_1_148' title='bbox 611 2393 644 2461; x_wconf 85' lang='lat'>5,</span> <span class='ocrx_word' id='word_1_149' title='bbox 662 2374 741 2463; x_wconf 76' lang='lat'>697)</span> <span class='ocrx_word' id='word_1_150' title='bbox 760 2380 780 2410; x_wconf 81' lang='lat'>‘⁶</span> <span class='ocrx_word' id='word_1_151' title='bbox 791 2367 879 2451; x_wconf 72' lang='grc' dir='ltr'>αύτις</span> <span class='ocrx_word' id='word_1_152' title='bbox 895 2371 920 2442; x_wconf 89' lang='grc' dir='ltr'>δ’</span> <span class='ocrx_word' id='word_1_153' title='bbox 938 2369 1111 2464; x_wconf 83' lang='grc' dir='ltr'>ε’μπνύνθη.”</span> 
     </span>
    </p>

    <p class='ocr_par' dir='ltr' id='par_1_13' title="bbox 180 2481 1139 2585">
     <span class='ocr_line' id='line_1_20' title="bbox 180 2481 1139 2585; baseline 0.002 -27"><span class='ocrx_word' id='word_1_154' title='bbox 180 2510 255 2580; x_wconf 90' lang='grc'>477.</span> <span class='ocrx_word' id='word_1_155' title='bbox 283 2487 418 2559; x_wconf 88' lang='grc' dir='ltr'>στικτέον</span> <span class='ocrx_word' id='word_1_156' title='bbox 434 2487 515 2580; x_wconf 76' lang='grc' dir='ltr'>μετὰ</span> <span class='ocrx_word' id='word_1_157' title='bbox 533 2486 566 2558; x_wconf 83' lang='grc' dir='ltr'>τδ</span> <span class='ocrx_word' id='word_1_158' title='bbox 585 2481 718 2585; x_wconf 82' lang='grc' dir='ltr'>Ἕκτορ</span> <span class='ocrx_word' id='word_1_159' title='bbox 736 2485 787 2558; x_wconf 72' lang='grc' dir='ltr'>καὶ</span> <span class='ocrx_word' id='word_1_160' title='bbox 803 2488 886 2582; x_wconf 83' lang='grc' dir='ltr'>μετδι</span> <span class='ocrx_word' id='word_1_161' title='bbox 902 2485 936 2560; x_wconf 88' lang='grc' dir='ltr'>τδ</span> <span class='ocrx_word' id='word_1_162' title='bbox 954 2487 1139 2577; x_wconf 88' lang='grc' dir='ltr'>δύστηνος.</span> 
     </span>
    </p>

    <p class='ocr_par' dir='ltr' id='par_1_14' title="bbox 180 2601 1334 2702">
     <span class='ocr_line' id='line_1_21' title="bbox 180 2601 1334 2702; baseline 0.002 -26"><span class='ocrx_word' id='word_1_163' title='bbox 180 2613 253 2696; x_wconf 89' lang='grc'>478.</span> <span class='ocrx_word' id='word_1_164' title='bbox 283 2604 393 2676; x_wconf 85' lang='grc' dir='ltr'>*κατδι</span> <span class='ocrx_word' id='word_1_165' title='bbox 411 2601 510 2701; x_wconf 85' lang='grc' dir='ltr'>δῶμα]</span> <span class='ocrx_word' id='word_1_166' title='bbox 534 2606 569 2676; x_wconf 83' lang='grc' dir='ltr'>αἱ</span> <span class='ocrx_word' id='word_1_167' title='bbox 584 2603 743 2702; x_wconf 90' lang='grc' dir='ltr'>κοινότεραι</span> <span class='ocrx_word' id='word_1_168' title='bbox 763 2608 943 2702; x_wconf 86' lang='grc' dir='ltr'>Πριάμου</span> <span class='ocrx_word' id='word_1_169' title='bbox 962 2604 1012 2677; x_wconf 63' lang='lat' dir='ltr'>{v}</span> <span class='ocrx_word' id='word_1_170' title='bbox 1032 2604 1120 2702; x_wconf 73' lang='grc' dir='ltr'>σύκῳ.</span> <span class='ocrx_word' id='word_1_171' title='bbox 1300 2644 1334 2685; x_wconf 82' lang='lat'>20</span> 
     </span>
    </p>

    <p class='ocr_par' dir='ltr' id='par_1_15' title="bbox 180 2715 1230 2811">
     <span class='ocr_line' id='line_1_22' title="bbox 180 2715 1230 2811; baseline 0 -17"><span class='ocrx_word' id='word_1_172' title='bbox 180 2731 255 2811; x_wconf 88' lang='grc'>480.</span> <span class='ocrx_word' id='word_1_173' title='bbox 282 2715 427 2808; x_wconf 41' lang='grc' dir='ltr'>δτυτθόν]</span> <span class='ocrx_word' id='word_1_174' title='bbox 454 2719 497 2792; x_wconf 85' lang='grc' dir='ltr'>ότι</span> <span class='ocrx_word' id='word_1_175' title='bbox 516 2718 582 2792; x_wconf 73' lang='grc' dir='ltr'>ἀντὶ</span> <span class='ocrx_word' id='word_1_176' title='bbox 598 2729 650 2792; x_wconf 79' lang='grc' dir='ltr'>τού</span> <span class='ocrx_word' id='word_1_177' title='bbox 667 2723 784 2810; x_wconf 83' lang='grc' dir='ltr'>τντθήν,</span> <span class='ocrx_word' id='word_1_178' title='bbox 803 2719 854 2794; x_wconf 73' lang='grc' dir='ltr'>καὶ</span> <span class='ocrx_word' id='word_1_179' title='bbox 872 2722 916 2794; x_wconf 83' lang='grc' dir='ltr'>ότι</span> <span class='ocrx_word' id='word_1_180' title='bbox 935 2720 968 2793; x_wconf 86' lang='grc' dir='ltr'>τδ</span> <span class='ocrx_word' id='word_1_181' title='bbox 986 2720 1007 2794; x_wconf 81' lang='grc' dir='ltr'>ό</span> <span class='ocrx_word' id='word_1_182' title='bbox 1018 2716 1085 2794; x_wconf 77' lang='grc' dir='ltr'>ἀντί</span> <span class='ocrx_word' id='word_1_183' title='bbox 1101 2731 1154 2794; x_wconf 76' lang='grc' dir='ltr'>τοῦ</span> <span class='ocrx_word' id='word_1_184' title='bbox 1172 2721 1230 2802; x_wconf 76' lang='grc' dir='ltr'>ές.-</span> 
     </span>
    </p>

    <p class='ocr_par' dir='ltr' id='par_1_16' title="bbox 133 2835 1286 3052">
     <span class='ocr_line' id='line_1_23' title="bbox 181 2835 1286 2938; baseline 0.001 -28"><span class='ocrx_word' id='word_1_185' title='bbox 181 2849 256 2928; x_wconf 85' lang='grc'>481.</span> <span class='ocrx_word' id='word_1_186' title='bbox 284 2836 374 2919; x_wconf 84' lang='grc' dir='ltr'>ούτως</span> <span class='ocrx_word' id='word_1_187' title='bbox 397 2836 604 2932; x_wconf 73' lang='grc' dir='ltr'>αἰνόμορον,</span> <span class='ocrx_word' id='word_1_188' title='bbox 628 2835 706 2909; x_wconf 76' lang='grc' dir='ltr'>ἀνστε</span> <span class='ocrx_word' id='word_1_189' title='bbox 723 2836 772 2910; x_wconf 86' lang='grc' dir='ltr'>τδν</span> <span class='ocrx_word' id='word_1_190' title='bbox 788 2840 844 2932; x_wconf 72' lang='grc' dir='ltr'>μέν</span> <span class='ocrx_word' id='word_1_191' title='bbox 861 2837 1010 2912; x_wconf 81' lang='grc' dir='ltr'>Ἠετίωνα</span> <span class='ocrx_word' id='word_1_192' title='bbox 1028 2838 1173 2938; x_wconf 87' lang='grc' dir='ltr'>δύσμορον</span> <span class='ocrx_word' id='word_1_193' title='bbox 1196 2839 1286 2934; x_wconf 87' lang='grc' dir='ltr'>λέγε-</span> 
     </span>
     <span class='ocr_line' id='line_1_24' title="bbox 133 2954 729 3052; baseline 0.002 -26"><span class='ocrx_word' id='word_1_194' title='bbox 133 2963 211 3042; x_wconf 86' lang='grc' dir='ltr'>σθαι,</span> <span class='ocrx_word' id='word_1_195' title='bbox 230 2954 378 3052; x_wconf 85' lang='grc' dir='ltr'>αι’νόμορον</span> <span class='ocrx_word' id='word_1_196' title='bbox 395 2954 426 3026; x_wconf 70' lang='grc' dir='ltr'>δέ</span> <span class='ocrx_word' id='word_1_197' title='bbox 443 2955 495 3042; x_wconf 73' lang='grc' dir='ltr'>την</span> <span class='ocrx_word' id='word_1_198' title='bbox 510 2955 729 3051; x_wconf 79' lang='grc' dir='ltr'>Ἀνδρομάχην.</span> 
     </span>
    </p>

    <p class='ocr_par' dir='ltr' id='par_1_17' title="bbox 180 3069 1285 3171">
     <span class='ocr_line' id='line_1_25' title="bbox 180 3069 1285 3171; baseline -0.002 -27"><span class='ocrx_word' id='word_1_199' title='bbox 180 3082 253 3162; x_wconf 89' lang='grc'>484.</span> <span class='ocrx_word' id='word_1_200' title='bbox 281 3072 387 3171; x_wconf 75' lang='grc' dir='ltr'>βραχύ</span> <span class='ocrx_word' id='word_1_201' title='bbox 413 3072 610 3144; x_wconf 90' lang='grc' dir='ltr'>διασταλτέον</span> <span class='ocrx_word' id='word_1_202' title='bbox 628 3072 711 3166; x_wconf 85' lang='grc' dir='ltr'>μετδι</span> <span class='ocrx_word' id='word_1_203' title='bbox 735 3070 767 3144; x_wconf 86' lang='grc' dir='ltr'>τδ</span> <span class='ocrx_word' id='word_1_204' title='bbox 790 3069 835 3144; x_wconf 82' lang='grc' dir='ltr'>αύ</span> <span class='ocrx_word' id='word_1_205' title='bbox 843 3095 918 3154; x_wconf 87' lang='grc' dir='ltr'>τως·</span> <span class='ocrx_word' id='word_1_206' title='bbox 946 3081 1059 3168; x_wconf 83' lang='grc' dir='ltr'>γελοῖοι</span> <span class='ocrx_word' id='word_1_207' title='bbox 1085 3071 1147 3170; x_wconf 71' lang='grc' dir='ltr'>γὰρ</span> <span class='ocrx_word' id='word_1_208' title='bbox 1170 3072 1199 3144; x_wconf 79' lang='lat' dir='ltr'>oi</span> <span class='ocrx_word' id='word_1_209' title='bbox 1221 3080 1285 3151; x_wconf 76' lang='grc' dir='ltr'>τοῖς</span> 
     </span>
    </p>
   </div>
   <div class='ocr_carea' id='block_1_4' title="bbox 131 3184 1331 3291">
    <p class='ocr_par' dir='ltr' id='par_1_18' title="bbox 131 3184 1331 3291">
     <span class='ocr_line' id='line_1_26' title="bbox 131 3184 1331 3291; baseline -0.001 -31"><span class='ocrx_word' id='word_1_210' title='bbox 131 3191 200 3278; x_wconf 79' lang='grc' dir='ltr'>έξής</span> <span class='ocrx_word' id='word_1_211' title='bbox 225 3187 297 3261; x_wconf 83' lang='grc' dir='ltr'>αύτδ</span> <span class='ocrx_word' id='word_1_212' title='bbox 324 3191 531 3274; x_wconf 79' lang='grc' dir='ltr'>συνάπτοντες,</span> <span class='ocrx_word' id='word_1_213' title='bbox 560 3184 592 3260; x_wconf 74' lang='grc' dir='ltr'>ἵν’</span> <span class='ocrx_word' id='word_1_214' title='bbox 613 3184 634 3291; x_wconf 73' lang='grc' dir='ltr'><strong><em>ᾗ</em></strong></span> <span class='ocrx_word' id='word_1_215' title='bbox 657 3188 688 3261; x_wconf 85' lang='grc' dir='ltr'>δν</span> <span class='ocrx_word' id='word_1_216' title='bbox 709 3193 809 3284; x_wconf 86' lang='grc' dir='ltr'>μάτην</span> <span class='ocrx_word' id='word_1_217' title='bbox 835 3190 1042 3286; x_wconf 71' lang='grc' dir='ltr'>ἐγεννήσαμεν.</span> <span class='ocrx_word' id='word_1_218' title='bbox 1080 3199 1144 3269; x_wconf 74' lang='grc' dir='ltr'>τοῖς</span> <span class='ocrx_word' id='word_1_219' title='bbox 1170 3188 1203 3262; x_wconf 72' lang='grc' dir='ltr'>δέ</span> <span class='ocrx_word' id='word_1_220' title='bbox 1228 3188 1285 3260; x_wconf 83' lang='grc' dir='ltr'>ἀνω</span> <span class='ocrx_word' id='word_1_221' title='bbox 1299 3221 1331 3284; x_wconf 75' lang='lat'>25</span> 
     </span>
    </p>
   </div>
   <div class='ocr_carea' id='block_1_5' title="bbox 130 3301 1285 3522">
    <p class='ocr_par' dir='ltr' id='par_1_19' title="bbox 130 3301 1285 3522">
     <span class='ocr_line' id='line_1_27' title="bbox 130 3301 1285 3405; baseline 0.001 -28"><span class='ocrx_word' id='word_1_222' title='bbox 130 3305 352 3402; x_wconf 89' lang='grc' dir='ltr'>προσδιδόμενον</span> <span class='ocrx_word' id='word_1_223' title='bbox 370 3303 509 3399; x_wconf 89' lang='grc' dir='ltr'>σημαίνει</span> <span class='ocrx_word' id='word_1_224' title='bbox 527 3303 561 3377; x_wconf 86' lang='grc' dir='ltr'>τδ</span> <span class='ocrx_word' id='word_1_225' title='bbox 579 3306 730 3389; x_wconf 72' lang='grc' dir='ltr'>ὡσαύτως,</span> <span class='ocrx_word' id='word_1_226' title='bbox 756 3301 812 3379; x_wconf 73' lang='grc' dir='ltr'>οἷον</span> <span class='ocrx_word' id='word_1_227' title='bbox 833 3303 935 3395; x_wconf 90' lang='grc' dir='ltr'>νήπιός</span> <span class='ocrx_word' id='word_1_228' title='bbox 961 3306 1053 3389; x_wconf 77' lang='grc' dir='ltr'>ἔστιν,</span> <span class='ocrx_word' id='word_1_229' title='bbox 1073 3305 1112 3387; x_wconf 79' lang='grc' dir='ltr'>ὧς</span> <span class='ocrx_word' id='word_1_230' title='bbox 1134 3303 1189 3377; x_wconf 77' lang='grc' dir='ltr'>καὶ</span> <span class='ocrx_word' id='word_1_231' title='bbox 1213 3303 1285 3405; x_wconf 91' lang='grc' dir='ltr'>πρό-</span> 
     </span>
     <span class='ocr_line' id='line_1_28' title="bbox 133 3421 578 3522; baseline 0.002 -28"><span class='ocrx_word' id='word_1_232' title='bbox 133 3455 213 3522; x_wconf 86' lang='grc' dir='ltr'>τερον</span> <span class='ocrx_word' id='word_1_233' title='bbox 230 3422 338 3495; x_wconf 72' lang='grc' dir='ltr'>οὐδέπω</span> <span class='ocrx_word' id='word_1_234' title='bbox 356 3421 470 3502; x_wconf 92' lang='grc' dir='ltr'>τέλειός</span> <span class='ocrx_word' id='word_1_235' title='bbox 488 3422 578 3495; x_wconf 79' lang='grc' dir='ltr'>ἔστιν.</span> 
     </span>
    </p>
   </div>
   <div class='ocr_carea' id='block_1_6' title="bbox 130 3560 1284 4615">
    <p class='ocr_par' dir='ltr' id='par_1_20' title="bbox 131 3560 1284 3724">
     <span class='ocr_line' id='line_1_29' title="bbox 175 3560 1281 3644; baseline -0.001 -21"><span class='ocrx_word' id='word_1_236' title='bbox 175 3585 199 3624; x_wconf 94' lang='lat'>1.</span> <span class='ocrx_word' id='word_1_237' title='bbox 222 3566 306 3642; x_wconf 80' lang='grc' dir='ltr'>κύκλῳ</span> <span class='ocrx_word' id='word_1_238' title='bbox 320 3567 379 3639; x_wconf 81' lang='grc' dir='ltr'>περὶ</span> <span class='ocrx_word' id='word_1_239' title='bbox 400 3563 479 3642; x_wconf 84' lang='lat' dir='ltr'><strong>(cum</strong></span> <span class='ocrx_word' id='word_1_240' title='bbox 497 3560 682 3644; x_wconf 79' lang='lat' dir='ltr'>Eustathio)]</span> <span class='ocrx_word' id='word_1_241' title='bbox 724 3570 791 3641; x_wconf 64' lang='lat' dir='ltr'>ephe</span> <span class='ocrx_word' id='word_1_242' title='bbox 811 3563 892 3622; x_wconf 81' lang='lat' dir='ltr'>illato</span> <span class='ocrx_word' id='word_1_243' title='bbox 914 3565 965 3638; x_wconf 73' lang='grc' dir='ltr'>οὖν,</span> <span class='ocrx_word' id='word_1_244' title='bbox 987 3563 1035 3624; x_wconf 85' lang='lat' dir='ltr'>cui</span> <span class='ocrx_word' id='word_1_245' title='bbox 1054 3565 1134 3622; x_wconf 78' lang='lat' dir='ltr'><strong>loeus</strong></span> <span class='ocrx_word' id='word_1_246' title='bbox 1154 3561 1204 3622; x_wconf 81' lang='lat' dir='ltr'>hio</span> <span class='ocrx_word' id='word_1_247' title='bbox 1224 3583 1281 3622; x_wconf 90' lang='lat' dir='ltr'>non</span> 
     </span>
     <span class='ocr_line' id='line_1_30' title="bbox 131 3645 1284 3724; baseline 0.001 -21"><span class='ocrx_word' id='word_1_248' title='bbox 131 3647 214 3724; x_wconf 76' lang='grc' dir='ltr'>κύκλῳ</span> <span class='ocrx_word' id='word_1_249' title='bbox 228 3666 284 3704; x_wconf 86' lang='lat' dir='ltr'>om.</span> <span class='ocrx_word' id='word_1_250' title='bbox 725 3649 780 3711; x_wconf 79' lang='lat' dir='ltr'>est,</span> <span class='ocrx_word' id='word_1_251' title='bbox 795 3665 889 3722; x_wconf 87' lang='lat' dir='ltr'><strong>neque</strong></span> <span class='ocrx_word' id='word_1_252' title='bbox 910 3649 944 3704; x_wconf 79' lang='grc' dir='ltr'>ὧν</span> <span class='ocrx_word' id='word_1_253' title='bbox 962 3649 1008 3702; x_wconf 79' lang='grc' dir='ltr'>οὐκ</span> <span class='ocrx_word' id='word_1_254' title='bbox 1021 3647 1182 3721; x_wconf 79' lang='grc' dir='ltr'>ἀναστρέφει</span> <span class='ocrx_word' id='word_1_255' title='bbox 1195 3645 1284 3704; x_wconf 79' lang='lat' dir='ltr'>scribi</span> 
     </span>
    </p>

    <p class='ocr_par' dir='ltr' id='par_1_21' title="bbox 132 3723 1284 3885">
     <span class='ocr_line' id='line_1_31' title="bbox 173 3723 1284 3808; baseline 0.004 -26"><span class='ocrx_word' id='word_1_256' title='bbox 173 3747 200 3802; x_wconf 81' lang='lat'>3.</span> <span class='ocrx_word' id='word_1_257' title='bbox 234 3732 363 3801; x_wconf 82' lang='grc' dir='ltr'>μαφόριον</span> <span class='ocrx_word' id='word_1_258' title='bbox 393 3723 471 3805; x_wconf 81' lang='lat' dir='ltr'>(oum</span> <span class='ocrx_word' id='word_1_259' title='bbox 499 3723 682 3808; x_wconf 79' lang='lat' dir='ltr'>Eustathi0)]</span> <span class='ocrx_word' id='word_1_260' title='bbox 725 3746 792 3786; x_wconf 80' lang='lat' dir='ltr'>eum</span> <span class='ocrx_word' id='word_1_261' title='bbox 820 3727 953 3786; x_wconf 79' lang='lat' dir='ltr'>Bekkero</span> <span class='ocrx_word' id='word_1_262' title='bbox 981 3732 1085 3804; x_wconf 76' lang='lat' dir='ltr'><strong>potest.</strong></span> <span class='ocrx_word' id='word_1_263' title='bbox 1142 3727 1284 3786; x_wconf 76' lang='lat' dir='ltr'>Inversus</span> 
     </span>
     <span class='ocr_line' id='line_1_32' title="bbox 132 3807 1283 3885; baseline 0.002 -21"><span class='ocrx_word' id='word_1_264' title='bbox 132 3810 308 3882; x_wconf 83' lang='grc' dir='ltr'>*ὠμοφόριον</span> <span class='ocrx_word' id='word_1_265' title='bbox 726 3827 813 3885; x_wconf 84' lang='lat' dir='ltr'><strong>quem</strong></span> <span class='ocrx_word' id='word_1_266' title='bbox 824 3807 978 3866; x_wconf 79' lang='lat' dir='ltr'>scholiasta</span> <span class='ocrx_word' id='word_1_267' title='bbox 988 3807 1060 3866; x_wconf 78' lang='lat' dir='ltr'>dicit</span> <span class='ocrx_word' id='word_1_268' title='bbox 1071 3807 1283 3867; x_wconf 78' lang='lat' dir='ltr'>sententiarum</span> 
     </span>
    </p>

    <p class='ocr_par' dir='ltr' id='par_1_22' title="bbox 172 3889 1284 3967">
     <span class='ocr_line' id='line_1_33' title="bbox 172 3889 1284 3967; baseline 0.003 -21"><span class='ocrx_word' id='word_1_269' title='bbox 172 3890 230 3948; x_wconf 75' lang='grc' dir='ltr'>*ὡς</span> <span class='ocrx_word' id='word_1_270' title='bbox 243 3895 272 3946; x_wconf 83' lang='grc' dir='ltr'>τὸ</span> <span class='ocrx_word' id='word_1_271' title='bbox 301 3909 356 3946; x_wconf 84' lang='lat' dir='ltr'>om.</span> <span class='ocrx_word' id='word_1_272' title='bbox 725 3890 797 3948; x_wconf 88' lang='lat' dir='ltr'><strong>ordo</strong></span> <span class='ocrx_word' id='word_1_273' title='bbox 811 3890 843 3946; x_wconf 91' lang='lat' dir='ltr'>in</span> <span class='ocrx_word' id='word_1_274' title='bbox 862 3909 895 3947; x_wconf 85' lang='lat' dir='ltr'>eo</span> <span class='ocrx_word' id='word_1_275' title='bbox 909 3889 1021 3966; x_wconf 76' lang='lat' dir='ltr'>positus</span> <span class='ocrx_word' id='word_1_276' title='bbox 1042 3895 1087 3948; x_wconf 73' lang='grc' dir='ltr'>σοι</span> <span class='ocrx_word' id='word_1_277' title='bbox 1108 3890 1190 3966; x_wconf 89' lang='lat' dir='ltr'>quod</span> <span class='ocrx_word' id='word_1_278' title='bbox 1209 3909 1284 3967; x_wconf 75' lang='lat' dir='ltr'>quae</span> 
     </span>
    </p>

    <p class='ocr_par' dir='ltr' id='par_1_23' title="bbox 170 3971 1282 4046">
     <span class='ocr_line' id='line_1_34' title="bbox 170 3971 1282 4046; baseline 0.003 -20"><span class='ocrx_word' id='word_1_279' title='bbox 170 3975 267 4045; x_wconf 81' lang='grc' dir='ltr'>λιπαρὰ</span> <span class='ocrx_word' id='word_1_280' title='bbox 296 3991 350 4029; x_wconf 88' lang='lat' dir='ltr'>om.</span> <span class='ocrx_word' id='word_1_281' title='bbox 725 3990 811 4030; x_wconf 76' lang='lat' dir='ltr'>versu</span> <span class='ocrx_word' id='word_1_282' title='bbox 829 3985 888 4045; x_wconf 83' lang='lat'>474</span> <span class='ocrx_word' id='word_1_283' title='bbox 904 3971 982 4030; x_wconf 79' lang='lat' dir='ltr'>dicta</span> <span class='ocrx_word' id='word_1_284' title='bbox 1001 3975 1071 4030; x_wconf 79' lang='lat' dir='ltr'>sunt</span> <span class='ocrx_word' id='word_1_285' title='bbox 1086 3989 1206 4030; x_wconf 82' lang='lat' dir='ltr'><strong>versum</strong></span> <span class='ocrx_word' id='word_1_286' title='bbox 1224 3984 1282 4046; x_wconf 81' lang='lat'>473</span> 
     </span>
    </p>

    <p class='ocr_par' dir='ltr' id='par_1_24' title="bbox 130 4048 1283 4377">
     <span class='ocr_line' id='line_1_35' title="bbox 172 4048 1282 4132; baseline 0.002 -24"><span class='ocrx_word' id='word_1_287' title='bbox 172 4073 199 4126; x_wconf 86' lang='lat'>9.</span> <span class='ocrx_word' id='word_1_288' title='bbox 222 4056 236 4123; x_wconf 78' lang='grc' dir='ltr'><em>ἡ</em></span> <span class='ocrx_word' id='word_1_289' title='bbox 262 4048 345 4132; x_wconf 78' lang='grc' dir='ltr'>ὀξεῖα]</span> <span class='ocrx_word' id='word_1_290' title='bbox 368 4055 461 4120; x_wconf 76' lang='grc' dir='ltr'>ὁμοίως</span> <span class='ocrx_word' id='word_1_291' title='bbox 481 4057 517 4127; x_wconf 78' lang='grc' dir='ltr'>τῷ</span> <span class='ocrx_word' id='word_1_292' title='bbox 543 4055 559 4083; x_wconf 87' lang='lat'>“</span> <span class='ocrx_word' id='word_1_293' title='bbox 569 4053 683 4123; x_wconf 79' lang='grc' dir='ltr'>εἰδομένη</span> <span class='ocrx_word' id='word_1_294' title='bbox 724 4053 894 4128; x_wconf 82' lang='lat' dir='ltr'>praecedere</span> <span class='ocrx_word' id='word_1_295' title='bbox 922 4052 1075 4123; x_wconf 77' lang='lat' dir='ltr'>debebant,</span> <span class='ocrx_word' id='word_1_296' title='bbox 1104 4053 1184 4130; x_wconf 86' lang='lat' dir='ltr'><strong>quod</strong></span> <span class='ocrx_word' id='word_1_297' title='bbox 1207 4051 1282 4111; x_wconf 83' lang='lat' dir='ltr'>vidit</span> 
     </span>
     <span class='ocr_line' id='line_1_36' title="bbox 130 4131 1283 4211; baseline 0.003 -21"><span class='ocrx_word' id='word_1_298' title='bbox 130 4140 217 4210; x_wconf 81' lang='grc' dir='ltr'>γαλόῳ</span> <span class='ocrx_word' id='word_1_299' title='bbox 238 4133 413 4207; x_wconf 83' lang='grc' dir='ltr'>Ἀντηνορίδαο</span> <span class='ocrx_word' id='word_1_300' title='bbox 435 4136 543 4207; x_wconf 84' lang='grc' dir='ltr'>δάμαρτι</span> <span class='ocrx_word' id='word_1_301' title='bbox 553 4132 568 4155; x_wconf 90' lang='grc'><em>”</em></span> <span class='ocrx_word' id='word_1_302' title='bbox 590 4131 638 4210; x_wconf 81' lang='lat' dir='ltr'>(Il.</span> <span class='ocrx_word' id='word_1_303' title='bbox 656 4153 683 4208; x_wconf 80' lang='grc'>3,</span> <span class='ocrx_word' id='word_1_304' title='bbox 725 4133 921 4192; x_wconf 73' lang='lat' dir='ltr'><strong>Hoffmannus</strong></span> <span class='ocrx_word' id='word_1_305' title='bbox 951 4154 979 4211; x_wconf 88' lang='lat' dir='ltr'>p.</span> <span class='ocrx_word' id='word_1_306' title='bbox 1015 4137 1083 4207; x_wconf 85' lang='lat'>161,</span> <span class='ocrx_word' id='word_1_307' title='bbox 1115 4134 1173 4193; x_wconf 64' lang='lat' dir='ltr'>etsi</span> <span class='ocrx_word' id='word_1_308' title='bbox 1208 4134 1283 4192; x_wconf 72' lang='lat' dir='ltr'><strong>male</strong></span> 
     </span>
     <span class='ocr_line' id='line_1_37' title="bbox 134 4213 913 4291; baseline 0.004 -20"><span class='ocrx_word' id='word_1_309' title='bbox 134 4218 204 4288; x_wconf 84' lang='lat'><strong>122)</strong></span> <span class='ocrx_word' id='word_1_310' title='bbox 234 4215 316 4273; x_wconf 79' lang='lat' dir='ltr'>addit</span> <span class='ocrx_word' id='word_1_311' title='bbox 343 4213 482 4272; x_wconf 84' lang='lat' dir='ltr'>Lehrsius</span> <span class='ocrx_word' id='word_1_312' title='bbox 514 4213 625 4272; x_wconf 85' lang='lat' dir='ltr'>Herod.</span> <span class='ocrx_word' id='word_1_313' title='bbox 653 4235 681 4291; x_wconf 90' lang='lat' dir='ltr'>p.</span> <span class='ocrx_word' id='word_1_314' title='bbox 725 4214 846 4273; x_wconf 80' lang='lat' dir='ltr'>retinuit</span> <span class='ocrx_word' id='word_1_315' title='bbox 860 4216 913 4274; x_wconf 81' lang='grc' dir='ltr'>οὖν.</span> 
     </span>
     <span class='ocr_line' id='line_1_38' title="bbox 132 4292 993 4377; baseline 0.001 -24"><span class='ocrx_word' id='word_1_316' title='bbox 132 4310 200 4370; x_wconf 83' lang='lat'><strong>325.</strong></span> <span class='ocrx_word' id='word_1_317' title='bbox 260 4324 262 4328; x_wconf 72' lang='grc'>’</span> <span class='ocrx_word' id='word_1_318' title='bbox 767 4311 812 4371; x_wconf 83' lang='grc'>25.</span> <span class='ocrx_word' id='word_1_319' title='bbox 835 4292 910 4377; x_wconf 79' lang='grc' dir='ltr'>αὐτὸ]</span> <span class='ocrx_word' id='word_1_320' title='bbox 926 4299 993 4373; x_wconf 78' lang='grc' dir='ltr'>αύτῷ</span> 
     </span>
    </p>

    <p class='ocr_par' dir='ltr' id='par_1_25' title="bbox 130 4371 1282 4615">
     <span class='ocr_line' id='line_1_39' title="bbox 175 4371 1282 4461; baseline 0.004 -27"><span class='ocrx_word' id='word_1_321' title='bbox 175 4380 219 4435; x_wconf 89' lang='grc'>16.</span> <span class='ocrx_word' id='word_1_322' title='bbox 242 4381 276 4435; x_wconf 78' lang='grc' dir='ltr'>ὡς</span> <span class='ocrx_word' id='word_1_323' title='bbox 296 4371 465 4456; x_wconf 76' lang='grc' dir='ltr'>ἀναστρέφει]</span> <span class='ocrx_word' id='word_1_324' title='bbox 495 4375 543 4436; x_wconf 77' lang='lat' dir='ltr'>Sic</span> <span class='ocrx_word' id='word_1_325' title='bbox 571 4377 682 4434; x_wconf 80' lang='lat' dir='ltr'>correxi</span> <span class='ocrx_word' id='word_1_326' title='bbox 765 4374 1282 4461; x_wconf 65' lang='lat' dir='ltr'>avvdmovrec,lv&#39;25Bekkerus]owd-</span> 
     </span>
     <span class='ocr_line' id='line_1_40' title="bbox 130 4457 1282 4541; baseline 0.005 -27"><span class='ocrx_word' id='word_1_327' title='bbox 130 4477 183 4534; x_wconf 90' lang='lat' dir='ltr'>pro</span> <span class='ocrx_word' id='word_1_328' title='bbox 208 4461 242 4515; x_wconf 74' lang='grc' dir='ltr'>ὡς</span> <span class='ocrx_word' id='word_1_329' title='bbox 266 4461 444 4532; x_wconf 82' lang='grc' dir='ltr'>οὖναστρέφει,</span> <span class='ocrx_word' id='word_1_330' title='bbox 465 4458 502 4514; x_wconf 87' lang='lat' dir='ltr'>ab</span> <span class='ocrx_word' id='word_1_331' title='bbox 521 4457 682 4516; x_wconf 81' lang='lat' dir='ltr'>Villoisono</span> <span class='ocrx_word' id='word_1_332' title='bbox 723 4459 1027 4538; x_wconf 59' lang='lat' dir='ltr'>momen—(signum</span> <span class='ocrx_word' id='word_1_333' title='bbox 1056 4459 1161 4520; x_wconf 76' lang='lat' dir='ltr'>scholii</span> <span class='ocrx_word' id='word_1_334' title='bbox 1191 4458 1282 4541; x_wconf 71' lang='lat' dir='ltr'>finiti)</span> 
     </span>
     <span class='ocr_line' id='line_1_41' title="bbox 131 4539 1046 4615; baseline 0.004 -20"><span class='ocrx_word' id='word_1_335' title='bbox 131 4540 162 4596; x_wconf 86' lang='lat' dir='ltr'>in</span> <span class='ocrx_word' id='word_1_336' title='bbox 184 4542 217 4597; x_wconf 75' lang='grc' dir='ltr'>ὡς</span> <span class='ocrx_word' id='word_1_337' title='bbox 238 4539 282 4594; x_wconf 83' lang='grc' dir='ltr'>οὖν</span> <span class='ocrx_word' id='word_1_338' title='bbox 301 4542 455 4612; x_wconf 82' lang='grc' dir='ltr'>ἀναστρέφει</span> <span class='ocrx_word' id='word_1_339' title='bbox 469 4543 622 4611; x_wconf 72' lang='lat' dir='ltr'><strong>mutatum,</strong></span> <span class='ocrx_word' id='word_1_340' title='bbox 637 4539 681 4597; x_wconf 86' lang='lat' dir='ltr'>in·</span> <span class='ocrx_word' id='word_1_341' title='bbox 723 4540 806 4600; x_wconf 73' lang='grc' dir='ltr'>οὕτως</span> <span class='ocrx_word' id='word_1_342' title='bbox 819 4541 848 4598; x_wconf 80' lang='grc' dir='ltr'>ὃν</span> <span class='ocrx_word' id='word_1_343' title='bbox 859 4543 969 4615; x_wconf 79' lang='grc' dir='ltr'>τέκομεν,</span> <span class='ocrx_word' id='word_1_344' title='bbox 984 4539 1046 4613; x_wconf 78' lang='grc' dir='ltr'>ἵν’ᾖ</span> 
     </span>
    </p>
   </div>
   <div class='ocr_carea' id='block_1_7' title="bbox 0 0 1482 4936">
    <p class='ocr_par' dir='ltr' id='par_1_26' title="bbox 0 0 1482 4936">
     <span class='ocr_line' id='line_1_42' title="bbox 0 0 1482 4936; baseline 0 1"><span class='ocrx_word' id='word_1_345' title='bbox 0 0 1482 4936; x_wconf 95' lang='lat' dir='ltr'> </span> 
     </span>
    </p>
   </div>
  </div>
 </body>
</html>
