2954 4936
535 250 706 312 ικιιιος
737 252 774 311 Λ.
810 247 868 331 (11
880 247 892 328 γ
1225 243 1299 304 τοι

154 392 160 401 .,
180 393 234 460 62.
257 395 357 464 ούλιος
372 394 480 486 ἀστήρ]
497 397 630 481 ὀλέθριος
644 401 660 463 ό
677 401 753 463 κύων
849 401 902 482 65.
921 400 954 462 ἔν
969 393 1143 485 πυμάτοισι]
1160 397 1288 480 ἔσχατος

179 498 233 560 66.
257 498 401 589 στεροπή]
419 502 555 584 ἀστραπή
685 503 737 584 67.
759 500 918 591 ἀμητῆρες]
938 503 1074 583 θερισταί

180 601 233 682 69.
256 600 385 691 ταρφέα]
403 609 522 687 συνεχῆ,
539 605 634 669 πυκνά
765 620 815 687 71.
839 603 942 693 δῄουν]
960 606 1113 669 διέκοπτον

180 717 232 784 72.
255 708 323 772 ίσας
338 705 361 770 δ’
377 704 501 795 ὑσμίνη]
518 707 654 787 ἐξισοῦτο
670 710 769 775 αὐτοῖς
783 710 801 788 ἡ
814 708 895 791 μάχη

181 820 232 892 73.
256 805 360 897 θῦνον]
377 811 510 889 έμμανῶς
525 811 640 893 ὥρμων.
773 825 825 894 74.
847 808 1066 899 παρετύγχανε]
1083 815 1180 892 παρῆν
1300 827 1317 888 5

180 924 231 991 77.
255 915 327 975 κατὰ
341 910 470 1002 πτύχας]
488 917 560 978 κατὰ
575 917 626 982 τάς
642 913 748 998 ἐξοχάς

178 1013 231 1100 83.
254 1014 415 1104 στεροπήν]
432 1020 608 1097 λαμπηδόνα
740 1017 791 1082 86.
815 1015 1006 1106 ὡπλίσσατο]
1022 1019 1182 1098 ἡτοίμασεν

179 1117 231 1199 87.
255 1117 452 1208 ἐκορέσσατο]
470 1123 533 1183 ἀντὶ
548 1127 599 1184 τοῦ
615 1121 720 1200 ἔκαμεν
834 1140 885 1202 91.
910 1117 1097 1209 κεκλόμενοι]
1116 1121 1285 1186 κελεύοντες

180 1239 232 1302 94.
257 1221 489 1312 κατεπάλμενος]
507 1224 636 1306 ὁρμήσας

178 1336 231 1406 95.
254 1323 415 1413 μετώπιον]
432 1327 465 1390 τδ
479 1327 592 1407 μεταξὺ
606 1334 664 1392 τῶν
679 1328 765 1393 ὠπῶυ
779 1329 874 1409 (ὤτων
888 1329 943 1411 A),
959 1329 992 1391 τὸ
1006 1330 1178 1414 μεσόφρυον
1301 1347 1339 1386 10

179 1428 230 1510 96.
254 1426 403 1516 στεφάνη]
421 1430 496 1496 εῖδος
511 1433 747 1513 περικεφαλαίας
877 1429 983 1519 σχέθε]
1001 1430 1131 1514 ἀντέσχε

177 1529 398 1619 χαλκοβάρεια]
419 1533 458 1618 τῷ
473 1535 577 1618 χαλκῷ
593 1533 772 1614 βαρουμένη,
789 1535 805 1595 ό
820 1535 902 1597 ἔστιν
918 1532 1027 1616 ίσχυρά

179 1633 232 1715 98.
255 1632 441 1723 πεπάλακτο]
459 1637 641 1717 ἔνεπέφυρτο
749 1655 820 1715 104.
842 1633 1032 1724 παρέβασκε]
1049 1635 1235 1719 παραιβάτης
1249 1634 1286 1714 ἦν

179 1735 300 1826 moe]
318 1739 382 1802 ἀντὶ
396 1745 448 1803 τοῦ
464 1742 602 1807 οὕστινας

181 1853 252 1922 105.
276 1839 427 1930 κνημοῖσι]
444 1845 477 1907 έυ
492 1849 554 1909 τοῖς
569 1844 696 1926 τροχέσε
712 1845 814 1911 τόποις
945 1841 1024 1932 δίδη]
1041 1843 1146 1923 ἔδησεν
1294 1855 1339 1916 ,15

176 1942 336 2032 μόσχοισι]
353 1947 480 2011 ἁπαλοῖς
551 1943 688 2032 λύγοισι]
706 1950 788 2032 φυτῷ
804 1945 863 2022 τινῖ
877 1946 894 2009 δ
908 1947 991 2027 ἡμεῖς
1007 1947 1123 2011 κότινον
1138 1951 1285 2025 καλοῦμεν

180 2048 251 2111 106.
275 2047 384 2112 ἔλυσεν
399 2045 543 2136 ἀποίνων]
561 2049 654 2130 λύτρα
669 2047 829 2128 δεξάμενος
843 2047 991 2113 ἀπέδωκεν

180 2169 250 2232 109.
273 2148 381 2239 ἔλασε]
400 2151 509 2230 ἔπληξε
634 2171 705 2216 110.
730 2149 947 2239 σπερχόμενος]
968 2153 1104 2216 σπεύδων
1227 2148 1286 2215 ἀπὸ

133 2252 223 2342 τοῖιν]
244 2252 295 2318 ἀπ’
311 2255 405 2319 αὐτῶν

180 2377 251 2424 111.
274 2356 465 2446 γιγνώσκων]
482 2359 632 2445 γνωρίζων
765 2377 837 2436 114.
861 2354 1000 2445 συνέαξε]
1018 2356 1178 2438 συνέτριψε
1302 2381 1340 2420 20

180 2461 252 2525 118.
275 2457 383 2548 δρυμά]
408 2465 557 2543 δρυμῶνας
712 2479 782 2526 122.
804 2457 1006 2548 μενεχάρμην]
1030 2459 1212 2539 ὑπομένοντα
1234 2457 1287 2536 τῆν

133 2564 243 2648 μάχην,
258 2566 421 2644 πολεμικόν

179 2686 251 2746 124.
276 2663 502 2754 Ἀλεξάνδροιο]
518 2668 614 2732 λείπει
628 2668 647 2748 ἡ
662 2667 741 2751 παρά
856 2666 928 2732 128.
952 2663 1149 2750 σιγαλόεντα]
1166 2664 1287 2746 λαμπρά

179 2789 251 2853 129.
276 2767 453 2858 κυκηθήτην]
473 2771 682 2853 ἐταράχθησαν
743 2796 747 2803 ·

179 2893 252 2959 130.
273 2870 490 2961 γουναζέσθην]
507 2879 566 2937 τοῖν
580 2873 712 2955 γονάτων
726 2874 864 2952 ἥπτοντο,
879 2871 1008 2936 ἱκέτευον
1302 2889 1339 2950 ²5

179 2977 251 3062 136.
272 2973 493 3064 προσαυδήτην]
518 2977 733 3058 προσεφύνουν
894 2992 965 3061 137.
989 2973 1176 3063 ἀμείλικτον]
1200 2977 1284 3055 ἀηδῆ,

133 3079 267 3162 σκληρόν

180 3203 250 3262 141.
275 3186 307 3262 ἔξ
322 3181 405 3271 ἔμεν]
423 3184 574 3266 ἐκπέμψαι

179 3301 251 3367 147.
274 3283 383 3374 ὅλμον]
402 3292 501 3352 κοῖλος
516 3288 610 3352 λίθος.
636 3287 767 3368 κορμίαν.
788 3288 826 3353 ὡς
842 3288 964 3369 ἀχειρον
980 3286 1028 3350 καῖ
1044 3285 1199 3368 ἀκέφαλον

179 3401 251 3474 153.
274 3395 377 3474 χαλκῷ
393 3385 562 3476 δηϊόωντες]
579 3388 653 3469 πρὸς
668 3389 701 3451 τδ
717 3392 813 3455 ἱππεῖς
829 3391 862 3452 δὲ
878 3391 986 3469 ἱππῆας
1301 3413 1341 3470 30

180 3495 251 3576 156.
274 3490 439 3581 εἰλυφόων]
457 3497 555 3573 είλῶν,
571 3492 733 3574 ταράσσων

179 3610 250 3680 157.
274 3593 441 3685 πρόρριζος]
457 3596 544 3679 μέχρι
558 3603 617 3661 τῶν
630 3597 727 3678 ῥιζῶν·
758 3603 818 3661 τῶν
839 3595 897 3678 γὰρ
915 3593 993 3659 κάτω
1017 3600 1071 3676 γῆς
1094 3595 1128 3659 τὸ
1150 3602 1207 3676 πῦρ
1230 3595 1286 3678 οὐχ

131 3702 260 3766 Ιἅπτεται

176 3804 267 3883 πυρὸς
282 3800 370 3891 ὑρμῆ]
387 3809 428 3888 τῷ
444 3805 511 3885 πυρὶ
527 3808 765 3884 περιφραστικῶς

96 3940 106 3950 ·-
180 3906 251 3988 158.
275 3904 401 3994 κάρηνα]
419 3908 476 3971 ἀπὸ
491 3907 595 3987 μέρους
610 3907 760 3987 ἄνθρωποι

179 4010 250 4077 162.
275 4007 387 4098 κείατο]
406 4011 519 4075 ἔκειντο

181 4115 252 4199 163.
275 4111 384 4200 ὕπαγε]
401 4112 564 4194 ὑπεξέφερε

151 4248 159 4280 1
180 4218 251 4296 164.
275 4217 306 4281 ἔκ
322 4218 349 4279 θ’
366 4214 502 4304 αἵματος]
520 4219 551 4284 ἔκ
566 4221 618 4278 τοῦ
634 4218 730 4298 φόνου
861 4213 1013 4303 κυδοιμοῦ]
1031 4219 1157 4298 κραυγῆς

180 4321 250 4401 165.
274 4317 438 4406 σφεδανόυ]
456 4318 617 4383 έπεικτικδν
633 4317 793 4402 (ἐπικτικδν
807 4317 860 4400 Α),
876 4320 1017 4400 σφοδρὸν,
1036 4321 1271 4398 καταπληκτικόν
1296 4398 1300 4404 .
1373 4358 1379 4379 .

95 4430 100 4444 ¹
181 4425 252 4506 167.
271 4422 394 4512 ἐρινεὸν]
412 4429 486 4504 συκῆ
503 4425 591 4506 ἀγρία
1302 4443 1341 4496 40

180 4528 251 4592 168.
277 4528 384 4608 ἱέμενοι
399 4525 517 4615 πόλιος]
538 4530 744 4607 ἐπιθυμοῦντες
759 4527 896 4591 ἀνελθεῖν
911 4526 959 4592 ἐπὶ
974 4531 1024 4608 τῆς
1041 4528 1157 4594 πόλεως
