2954 4936
587 1151 915 1226 ADDENDA.

672 1405 773 1469 VOL.
798 1405 826 1469 1.

215 1648 293 1730 Pag.
307 1645 394 1709 xxxi.
416 1665 462 1731 13.
486 1645 559 1736 'Pria
581 1667 659 1730 quae
684 1645 796 1710 Suidas
818 1651 972 1710 memorat
995 1647 1062 1728 περὶ
1084 1645 1323 1729 χρηστομαθείας

171 1752 281 1829 βιβλία
296 1755 378 1812 recto
393 1749 491 1812 tribui
507 1749 616 1813 Proolo
632 1749 730 1834 Lycio
746 1756 778 1814 et
792 1749 914 1814 diversa
932 1773 998 1814 esse
1020 1751 1059 1813 ab
1082 1748 1324 1830 Χρηστομαθείας

170 1857 370 1934 γραμματικῆς
387 1851 475 1915 libris
495 1858 644 1936 quattuor
659 1875 678 1916 a
692 1853 802 1918 Proolo
824 1855 1001 1938 antiquiore
1024 1853 1148 1935 seriptis
1163 1850 1323 1914 Welolxeri

171 1957 245 2037 (vol.
263 1975 281 2022 2
302 1978 332 2038 p.
349 1958 426 2040 503)
449 1956 642 2040 aliorumque
662 1957 775 2042 ⁴opinio
799 1980 909 2040 parum
933 1956 1103 2040 probabilis
1127 1961 1184 2030 est,
1211 1955 1323 2018 merito

171 2057 285 2120 reiecta
307 2081 325 2121 a
349 2058 553 2142 Bernhardyo
576 2059 610 2121 in
632 2059 834 2133 annotatione
849 2060 889 2123 ad
906 2060 1037 2123 Suidam
1053 2082 1076 2121 s.
1093 2081 1122 2122 v.
1141 2060 1277 2138 Πρόκλον
1292 2062 1324 2120 et

170 2161 205 2223 in
222 2161 307 2226 Hist.
324 2160 388 2224 Lit.
406 2161 462 2224 Gr.
478 2162 540 2224 vol.
557 2181 576 2229 2
592 2185 622 2246 p.
640 2163 712 2247 238.

206 2263 322 2327 xxxix.
339 2264 387 2327 18.
404 2261 579 2352 Τειρεσίαν]
594 2266 757 2350 Κάλχαντα
769 2272 851 2330 reete
861 2266 945 2349 apud
954 2267 1102 2328 Taetzam
1113 2264 1153 2328 ad
1166 2262 1324 2346 Lycophr.

173 2383 247 2449 427,
271 2369 309 2431 de
336 2391 397 2452 quo
425 2368 574 2432 dixerunt
598 2369 779 2436 Meinekius
801 2371 835 2433 in
857 2369 950 2433 Anal.
977 2367 1147 2432 Alexandr.
1170 2389 1202 2449 p.
1227 2380 1268 2446 79
1291 2370 1324 2428 et

173 2469 212 2534 R.
240 2470 362 2534 Stiehle
384 2472 417 2534 in
444 2474 707 2538 commentatione
732 2475 771 2537 de
795 2475 924 2537 Νόστων
946 2472 1085 2535 carmine
1106 2470 1140 2534 in
1166 2468 1324 2550 Philoloqo

172 2573 233 2639 vol.
252 2573 270 2635 8
286 2597 318 2656 p.
335 2575 387 2638 60.
605 2635 607 2640 .

215 2695 246 2758 9.
270 2690 301 2757 5.
326 2675 555 2766 Μεσσηνιακὴν]
583 2678 673 2740 Adde
688 2677 865 2758 Ἀρκαδικήν
880 2699 918 2741 ex
940 2677 1045 2741 codiee
1063 2677 1218 2760 Angelieo
1240 2675 1324 2759 apud

172 2780 380 2863 Matrangam
395 2782 515 2846 Aneod.
531 2782 594 2846 vol.
613 2799 630 2847 2
647 2804 678 2864 p.
695 2781 768 2866 384,
785 2781 840 2844 ubi
857 2781 977 2860 καδικὴν
993 2781 1155 2865 seriptum.

219 2903 268 2947 10.
285 2884 334 2946 16.
356 2885 512 2949 Ταντάλου
529 2887 577 2948 καὶ
591 2935 598 2948 .
613 2934 620 2948 .
635 2933 642 2948 .
656 2881 744 2973 κατὰ]
762 2884 837 2948 Non
850 2886 1001 2949 debebam
1016 2883 1102 2968 sequi
1114 2883 1325 2948 coniecturam

173 2986 319 3065 Belrlreri,
337 2987 394 3071 qui
406 2989 516 3052 matris
532 3011 646 3052 nomen
669 2988 817 3052 excidisse
839 2989 973 3073 putavit.
1019 2988 1118 3052 Recte
1141 2987 1176 3050 in
1199 2986 1331 3050 scholiis-

173 3089 345 3153 minoribus
368 3092 526 3156 Ταντάλου
543 3098 625 3168 κατὰ,
649 3091 788 3176 nihilque
803 3092 890 3156 aliud
906 3098 954 3156 est
976 3092 1125 3156 ταντάλου
1142 3091 1228 3169 κάτα,
1244 3090 1325 3174 quod

174 3194 271 3256 estin
287 3195 328 3257 A.

221 3317 269 3360 11.
287 3317 337 3360 10.
360 3297 436 3360 Non
450 3297 546 3381 prino,
564 3299 616 3361 sed
637 3299 771 3361 alterurn
788 3300 834 3361 καὶ
850 3301 969 3372 οια.,Α.

221 3419 270 3462 11.
285 3419 337 3478 24.
362 3397 478 3490 Κρῖνις]
496 3401 545 3464 De
560 3402 618 3464 hoo
633 3402 759 3464 nomine
774 3400 841 3464 dixi
856 3402 890 3463 in
907 3401 997 3464 Thes.
1013 3401 1075 3464 vol.
1092 3421 1113 3479 4
1128 3423 1159 3483 p.
1180 3402 1275 3483 1967.

221 3522 271 3587 13.
288 3519 423 3584 177-14.
439 3525 488 3568 10.
515 3504 575 3568 Est
598 3505 737 3569 scholion
759 3504 937 3588 Porphyrii,
954 3504 1036 3586 quod
1059 3526 1077 3566 a
1100 3525 1195 3567 manu
1218 3526 1324 3567 recen-

174 3606 253 3669 tiore
280 3606 314 3668 in
339 3607 482 3691 margine
509 3608 661 3672 exteriore
687 3609 832 3673 additum
858 3630 924 3672 esse
953 3607 1019 3669 dixi
1049 3606 1081 3669 in
1112 3606 1324 3672 annotatione.

173 3709 294 3772 Eadem
316 3711 397 3773 ratio
421 3711 532 3774 scholii
555 3713 656 3776 multo
679 3711 830 3795 longioris
844 3710 885 3774 ad
904 3730 952 3788 12,
972 3730 1011 3773 10
1027 3732 1057 3792 p.
1072 3730 1146 3795 413,
1165 3724 1324 3792 29-415‚

175 3811 207 3888 8,
223 3811 261 3875 de
284 3835 345 3896 quo
369 3813 435 3876 dixi
457 3809 491 3877 in
513 3814 709 3878 Praefatione
727 3838 758 3898 p.
775 3814 840 3879 xiv.
887 3815 973 3878 Nam
996 3812 1115 3897 primae
1137 3835 1250 3876 manus
1272 3833 1327 3875 ex·

174 3921 282 3998 oerpta
297 3939 335 3981 ex
350 3917 524 4001 Porphyrio
539 3917 640 3981 multo
655 3919 796 3982 breviora
812 3941 876 3982 esse
891 3918 1002 3981 solent.

222 4037 272 4104 15.
290 4043 336 4107 13.
362 4020 515 4110 ιἰττέριττα]
534 4024 720 4104 *ἆπόρθητα
1222 4100 1226 4110 Ι

221 4144 271 4203 24.
286 4140 337 4207 25.
361 4125 452 4189 Adde
474 4125 659 4189 asteriscum
676 4131 715 4190 *.,
746 4124 869 4188 Pariter
891 4144 942 4210 33,
969 4143 1019 4209 23·
1044 4138 1096 4205 47,
1122 4142 1173 4189 20.
1198 4143 1237 4207 95
1277 4142 1312 4186 11

178 4227 250 4304 128,
268 4247 320 4306 24.
347 4249 486 4314 131,12.
513 4243 657 4311 147,11.
685 4242 755 4315 153,
781 4248 810 4295 2.
837 4230 907 4305 160,
932 4228 983 4294 26.
1008 4227 1077 4304 182,
1103 4246 1152 4292 22.
1181 4245 1251 4310 192,
1276 4246 1327 4311 31.

175 4331 295 4394 Contra
317 4331 458 4396 deleatur
481 4333 646 4397 asteriscus
667 4355 698 4416 p.
723 4335 774 4412 26,
798 4351 850 4417 32.
876 4331 926 4410 88,
955 4348 1002 4416 15.
1030 4330 1100 4407 106,
1125 4331 1154 4394 6.
1182 4345 1252 4413 175,
1279 4347 1326 4395 12.

180 4449 249 4516 179,
268 4453 317 4499 20.
