2954 4936
203 200 267 263 120
599 204 771 264 ΙΛΙΑΔΟΣ
801 205 842 264 Π.
872 201 958 284 (16)

201 354 239 436 ὦς
256 353 308 426 καί
323 352 466 437 Ἡσίοδος
482 365 505 397 “
515 353 684 440 πολυξείνου
701 353 802 436 δαιτδς
819 355 1036 449 δυσπέμφελος
1055 349 1128 426 εἶναι
1141 354 1159 381 ”
1189 361 1242 444 (Ο.
1263 360 1353 446 720).

198 472 323 558 βέλτιον
345 473 377 545 δέ
399 470 448 544 ε’πί
472 481 528 560 τῆς
554 475 725 562 θαλάσσης,
743 472 771 544 εἶ
791 472 843 545 καί
861 470 1061 569 δυσχείμερος
1077 469 1123 562 είη
1141 466 1192 543 καὶ
1209 481 1351 568 τραχεῖα·

199 590 254 677 τήν
282 589 341 687 γδιρ
370 597 422 661 τοῦ
452 596 648 680 κολυμβητοῦ
679 589 846 685 έντρέχειαν
867 586 1114 687 ἀντιπαρατίθησι
1139 598 1183 688 τῷ
1211 586 1270 660 ἀπδ
1300 596 1353 660 τοῖν

201 705 306 801 δίφρου
332 705 578 794 κεκυβιστηκάτι.
615 704 665 777 καὶ
681 705 826 787 Ἡσίοδος
843 706 875 778 δὲ
898 702 947 778 ἐπὶ
969 715 1025 795 τῆς
1052 707 1214 792 θαλάσσης
1238 704 1354 800 τέταχε

201 833 224 864 “
236 821 287 893 καί
304 831 366 902 τοῖς
384 817 410 894 οδ
425 822 561 918 γλαυκήν
578 821 793 917 δυσπέμφελον
810 822 982 921 ἐργάζονται
993 819 1011 850 ''
1026 823 1100 915 (Th.
1119 829 1210 912 440).
1368 839 1384 900 5

254 947 324 1029 765.
351 937 389 1019 ὧς
415 937 441 1008 δ’
460 934 540 1035 εθράς
564 970 598 1010 τε
622 935 703 1019 νθτος
724 936 767 1036 τ’]
784 941 803 1027 ή
823 939 986 1033 παραβολή
1012 935 1085 1036 πρδς
1110 936 1145 1010 τδ
1173 939 1355 1032 συρράσσειυ

202 1050 255 1126 καί
282 1055 511 1146 συμπλέκεσθαι
535 1055 695 1142 ἀλλήλοις.
730 1053 812 1125 ’έστιν
834 1049 881 1126 οθν
901 1053 973 1126 ι’δεῖν
990 1053 1040 1126 διδι
1061 1063 1117 1126 τῶν
1134 1053 1207 1126 έπῶν
1223 1053 1272 1126 δθο
1289 1052 1356 1123 ἀνέ-

202 1204 264 1266 μυν
296 1174 411 1266 μάχην,
447 1170 587 1268 ἑκατέρου
627 1178 746 1265 κρατεῖν
784 1172 971 1266 βιαζομένου.
1020 1170 1118 1266 άμοιον
1151 1170 1183 1242 δέ
1218 1171 1286 1244 έστι
1320 1166 1355 1240 τδ

203 1299 225 1330 “
238 1289 352 1380 Βορέης
368 1285 420 1361 καί
437 1288 570 1383 Ζέφυρος
583 1293 601 1320 ”
620 1291 676 1381 (Il.
695 1317 727 1381 9,
745 1291 793 1382 5).

254 1414 326 1496 768.
353 1401 392 1477 αί
409 1437 443 1477 τε
463 1402 535 1499 πρδς
555 1403 712 1504 ἀλλήλας]
737 1401 785 1478 ’ὅτι
810 1404 861 1477 οθκ
884 1404 1060 1477 ε’ντέτακται
1084 1410 1103 1496 ή
1127 1406 1197 1494 ἀκή,
1223 1408 1355 1499 καθάπερ
1372 1434 1407 1474 10

204 1520 321 1595 έπί’τοῧ
338 1515 445 1612 ξίφους
467 1531 488 1563 “
502 1523 644 1608 τανύηκες
668 1521 752 1618 ἀορ,”
776 1521 861 1596 ἀλλδι
877 1521 958 1595 κατδι
980 1523 1171 1618 παραγωγήν,
1190 1522 1356 1610 τανυήκεας

202 1636 302 1726 άζους,’
322 1635 378 1713 οἷον
407 1638 542 1725 ταυαοδς,
568 1639 607 1721 ὦς
635 1641 814 1731 κελαινεφὲς
839 1635 928 1732 αἷμα.
962 1638 996 1712 τδ
1027 1641 1058 1713 δὲ
1088 1641 1291 1728 τανυήκεας
1318 1638 1357 1719 ὦς

204 1754 365 1849 εὖμήκεας.
396 1753 485 1838 οὕτως
502 1755 676 1852 ἀνεγνώσθη.
708 1754 828 1850 εἴπομεν
845 1756 876 1834 δὲ
894 1757 922 1829 έν
939 1756 1049 1854 ἑτέροις
1067 1755 1117 1830 καί
1134 1757 1188 1846 τήν
1205 1757 1355 1855 ἀφορμήν.

256 1882 329 1964 769.
357 1872 483 1946 *λείπει
501 1873 629 1970 γίνεται.

254 2015 325 2080 774.
354 1989 487 2089 *βραχὺ
505 1991 702 2063 διασταλτέον
721 1988 769 2063 έπδ
787 1988 820 2061 τδ
838 1989 984 2086 μεγάλ’.
1373 2007 1408 2068 15

255 2104 488 2206 *Ἀρίσταρχος
506 2109 555 2181 διδι
572 2117 623 2180 τοῦ
640 2116 661 2178 ἆ
679 2107 940 2198 ἐστυφέλιξαν.

256 2245 328 2316 775.
357 2223 588 2322 *Ἀρίσταρχος
606 2227 619 2296 o‘
636 2225 659 2293 δ’
679 2225 711 2297 έν
730 2227 992 2323 στροφάλιγγι,
1011 2225 1064 2297 σὺν
1081 2234 1122 2323 τῷ
1137 2233 1161 2298 ν.

256 2349 328 2430 776.
357 2339 434 2414 *έπί
451 2341 485 2414 τδ
501 2339 725 2437 μεγαλωστί
738 2340 845 2438 βραχδ
864 2342 1072 2414 διασταλτέον.

254 2466 335 2530 κεῖτο
364 2458 465 2554 μέγας
493 2457 694 2556 μεγαλυστιΊ
722 2462 738 2531 o‘
766 2459 957 2554 ἀστερίσκος,
984 2457 1028 2532 θτι
1061 2460 1103 2540 εἷς
1135 2459 1189 2547 τήν
1218 2459 1357 2558 δευτέραν

204 2572 318 2644 νέκυιαν
350 2573 427 2672 (Od.
454 2605 505 2666 24,
531 2575 603 2673 40),
633 2579 826 2668 μετάκειται,
860 2577 918 2674 οθχ
952 2576 1051 2671 ὑγιῶς.
1086 2573 1139 2647 καί
1172 2575 1218 2648 άτι
1251 2581 1356 2660 Ἰακῶς
1372 2601 1410 2641 20

205 2692 432 2786 λελασμένος
454 2690 520 2764 ἀντί
543 2702 595 2764 τοῦ
616 2694 814 2785 λελησμέυος,
831 2692 903 2792 πρδς
920 2691 955 2765 τδ
979 2703 999 2732 “
1014 2694 1043 2766 έν
1059 2691 1148 2792 καρδς
1165 2691 1241 2794 αίση
1252 2693 1272 2719 ”
1300 2698 1354 2789 (IL

206 2835 237 2899 9,
256 2815 346 2904 378),
365 2808 410 2881 άτι
428 2807 494 2882 ἀντί
511 2819 563 2882 τοῦ
580 2810 609 2882 έν
626 2809 712 2909 κηρδς
729 2800 828 2906 μοίρᾳ.

257 2949 330 3020 779.
357 2925 548 3026 βουλυτάνδε]
574 2927 622 3000 ἐπὶ
647 2930 700 3018 τήν
717 2929 853 3025 ἑσπέραν,
872 2927 935 3003 καθ’
953 2927 984 3001 δν
1007 2924 1106 3024 καιρδν
1131 2927 1159 3000 οἷ
1183 2926 1257 3013 βάες
1283 2927 1357 3000 ἀπο-

205 3042 325 3115 λύονται
343 3053 398 3115 τῶν
415 3043 513 3141 ἐ’ργοιν.

258 3167 331 3252 789.
357 3159 448 3242 δεινδς
473 3165 487 3233 o'
512 3163 567 3257 μὲν
591 3160 654 3260 τάν]
678 3162 723 3236 θτι
750 3163 925 3260 ἀπέστροφε
950 3160 1000 3235 τδυ
1030 3159 1118 3258 λάγον
1139 3162 1180 3235 >ε’κ
1206 3170 1258 3235 τοῢ
1289 3159 1356 3260 περὶ
1371 3182 1407 3244 25

206 3273 297 3346 αὐτοῦ
314 3277 356 3356 εἷς
374 3275 422 3347 τδν
438 3277 510 3375 πρδς
528 3278 625 3354 αὖτάν.
1143 3268 1147 3273 .

259 3415 331 3485 793.
360 3391 487 3480 *κυνέην
507 3398 591 3480 βάλε
617 3403 730 3483 Φοῖβος
758 3395 927 3495 Ἀπάλλυν]
953 3397 1079 3470 έντεῧθεν
1104 3395 1187 3468 έστιν
1212 3400 1279 3491 δρᾶν
1304 3397 1358 3485 τήν

206 3513 405 3606 προσπάθειαν
421 3520 472 3584 τοῦ
494 3522 625 3602 ποιητοῦ,
643 3513 690 3586 ’έτι
713 3514 767 3602 τήν
786 3512 941 3611 ἀριστείαν
959 3522 1010 3586 τοῦ
1021 3511 1172 3610 Ἕκτορος
1190 3521 1232 3615 τῷ
1246 3512 1358 3586 Ἀπέλ·

206 3640 273 3697 λυνι
290 3627 483 3723 περιτίθησιν.

364 3746 373 3770 C
426 3745 435 3770 Ι
603 3746 612 3771 Ι
683 3748 690 3773 3
719 3746 728 3772 λ
783 3748 791 3774 Ι
889 3751 898 3775 t
924 3749 932 3774 θ
969 3757 982 3773 κ
1021 3746 1028 3771 ἳ
1071 3751 1080 3775 Ι
1162 3747 1178 3776 ΕΙ
1268 3748 1280 3776 ἱ
1312 3748 1321 3774 2
1347 3746 1356 3773 λ

260 3766 332 3836 797.
360 3756 533 3847 ιπποκομον]
560 3781 647 3846 τριτη
672 3779 730 3820 απο
756 3762 861 3828 τελους
882 3750 999 3836 ηοξεια
1016 3747 1122 3820 ενθαδε·
1160 3780 1233 3820 οταν
1250 3748 1282 3822 δε
1307 3782 1355 3822 επι
1371 3773 1408 3830 3ο

207 3868 259 3930 τοῦ
284 3870 440 3954 κομοῒιντος
465 3863 512 3934 τδν
538 3860 632 3951 ἵππον,
658 3862 728 3936 τάτε
750 3863 804 3962 πρδ
830 3865 936 3946 τέλους
957 3868 976 3952 ἡ
1001 3866 1091 3948 θξεῒα.
1127 3863 1297 3964 προείρηται
1325 3866 1356 3943 δέ

252 4083 275 4123 1.
305 4063 364 4122 *ὡς
390 4067 656 4140 καὶ-δυσπέμφελος
684 4063 758 4146 εἶναι]
846 4085 892 4140 23.
915 4065 996 4124 Idem
1012 4066 1099 4125 schol.
1115 4065 1147 4124 in
1161 4087 1252 4147 marg.
1268 4067 1356 4130 inter.

207 4165 263 4203 om.
802 4167 908 4206 omlsso
921 4151 963 4204 ἐπὶ
976 4151 1022 4216 τὴν
1035 4151 1147 4219 ἑσπέραν

250 4229 277 4284 6.
299 4224 470 4309 *παρσβολὴ]
485 4231 624 4305 παραγωγὴ
845 4248 890 4300 24.
906 4237 956 4285 τῶν
965 4233 1047 4304 ἔργων
1056 4229 1188 4291 additum
1199 4250 1237 4290 ex
1247 4233 1357 4299 scholio

251 4321 275 4381 7.
298 4305 397 4388 *ἶδεῖυ]
413 4311 478 4365 ἰδίαν
801 4330 890 4386 marg.
906 4309 991 4368 inter.

252 4403 296 4463 17.
318 4387 501 4467 Ἀρίσταρχος]
515 4394 601 4463 ἀριστ.
642 4392 760 4466 Ἀριστο-
844 4406 890 4466 25.
905 4395 1051 4453 ε’κ-αὐτόν
1061 4390 1183 4475 Friedl.]
1194 4395 1223 4451 έκ
1236 4400 1283 4452 τοῦ
1292 4399 1357 4471 πρὸς

208 4473 291 4548 φάνης
305 4470 349 4528 La
362 4469 463 4530 Roche
478 4473 590 4533 Ταυθθοκ.
604 4493 633 4550 p.
650 4493 687 4549 39
692 4493 718 4548 3.
800 4477 876 4530 αὐτὸν
889 4477 925 4532 εἶτ
938 4477 983 4531 τὸν
996 4478 1054 4549 περὶ
1068 4478 1146 4533 αὐτοῦ
