2954 4936
583 232 754 294 11114οΣ
784 232 822 294 λ.
853 230 938 313 (11)
1236 309 1240 317 .
1323 227 1386 289 361

221 403 272 468 29.
297 389 372 463 βοΰν
387 384 453 462 ἦνιν
874 402 925 449 22.
949 384 987 449 ὡς
1006 383 1038 446 δέ
1052 381 1129 445 λέων
1143 380 1283 460 μήλοισιν

131 489 208 574 356.
244 489 274 553 6.
299 491 339 567 ἀμ
355 489 450 567 φόνον
470 488 508 550 ἀν
524 487 626 553 νέκυας
873 485 925 552 28.
949 485 1002 549 τὸν
1026 483 1052 548 δ’
1079 483 1244 550 Ὀδυσσεὺς
1269 482 1387 561 μετόπι·

222 592 273 657 26.
294 592 325 655 οἰ
336 589 362 653 τ’
378 591 455 674 αὐτῷ
981 614 1038 671 σχε

222 694 273 761 28.
296 695 334 774 ἦν
371 693 404 757 δέ
445 719 488 759 τις
529 697 561 758 έν
597 693 736 774 Τρώεσσι
787 696 861 779 367.
900 714 927 758 1.
950 693 1004 771 τὴν
1022 690 1099 755 νύκτ’
1117 693 1257 754 Οἰνείδαο

330 799 441 861 Δόλων
896 809 926 878 5.
951 797 1005 860 σὺν
1035 795 1059 857 δ’
1091 793 1188 875 ἤειρεν
1224 796 1307 871 ἱμᾶσι
1341 792 1388 856 καὶ

222 884 274 986 33.
301 901 392 981 αὐτὰρ
407 902 423 962 ὁ
438 905 546 979 μοῦνος
561 900 612 977 ἔην
986 898 1146 977 ἐξήλαυνεν
1162 897 1265 974 ὁμίλου

133 1017 210 1091 357.
249 1023 275 1068 1.
300 1002 369 1066 ἀλλ’
385 1004 440 1084 ἄγε
458 1029 508 1083 μοι
523 1003 557 1065 τὸ
573 1005 723 1083 σκῆπτρον
874 1023 927 1088 31.
950 1003 989 1067 ὡς
1003 1005 1046 1066 ίδε
1060 1007 1160 1084 χῶρον
1175 999 1284 1080 ἔρημον

224 1111 275 1174 28.
300 1107 382 1188 κρατὶ
397 1104 423 1169 δ’
439 1107 485 1170 ἐπὶ
502 1107 616 1183 κτιδέην
789 1107 867 1192 368·
899 1126 929 1189 9.
952 1108 1092 1181 Τυδείδης
1112 1107 1145 1166 δὲ
1166 1107 1278 1184 χαμᾶζε
1294 1102 1388 1182 θορὼν

135 1210 211 1298 358.
249 1230 277 1277 1.
302 1210 384 1291 κρατὶ
400 1208 423 1272 δ’
441 1210 489 1273 έπί
505 1209 619 1286 κτιδέην
984 1209 1074 1291 ἔναρα
1089 1208 1255 1287 βροτόεντα

226 1333 277 1392 14.
301 1311 369 1376 ἀλλ’
385 1313 436 1376 ὅτε
451 1311 485 1390 δή
500 1310 528 1392 ῥ’
546 1300 644 1375 ἵππων
662 1335 695 1372 τε
877 1333 927 1379 2ο.
951 1314 1031 1379 ὅπως
1053 1311 1153 1375 τούσδ’
1169 1312 1274 1375 ἵππους
1293 1308 1387 1387 λάβε-

225 1418 277 1483 26.
301 1413 339 1482 ὣς
364 1416 421 1496 ἀρα
444 1412 621 1496 φωνήσαντε
647 1413 738 1493 παρὲξ
983 1441 1035 1480 τον

332 1520 400 1582 ὁδοῦ
877 1520 928 1587 28.
952 1521 1061 1601 Τρύων
1075 1519 1210 1599 ήτισφωε
1225 1518 1299 1597 πόρε

136 1645 156 1710 3
159 1636 212 1706 59.
248 1621 268 1685 6
284 1625 316 1686 eb
333 1621 362 1686 8.
379 1622 476 1685 ὅσσον
487 1619 511 1684 τ’
526 1619 658 1699 ε’πίοἰιρα
669 1617 739 1702 (sie)
790 1627 864 1711 369,
888 1639 930 1706 ¹7,
955 1621 1090 1705 Θρηΐκιοι
1108 1621 1160 1685 τὸν
1175 1621 1208 1684 δέ
1219 1628 1292 1701 σφιν

333 1726 478 1789 πέλονται
878 1747 929 1794 20.
953 1727 1015 1806 θῆκ’
1033 1726 1199 1790 Ὀδυσσεύς

228 1849 278 1893 10.
302 1826 372 1892 ἀλλ’
388 1828 438 1892 ὅτε
453 1827 488 1907 δή
502 1828 531 1908 ῥ’
547 1827 639 1905 ἀπέην
879 1850 930 1898 22.
954 1831 1043 1911 αὐτὰρ
1060 1831 1127 1893 έπεί
1140 1836 1215 1909 σφιν
1227 1827 1303 1906 κῦμα
1426 1877 1428 1881 ,

227 1951 279 1999 2ο.
302 1933 410 1996 ἔλπετο
424 1935 480 2013 γὰρ
496 1934 569 1994 κατὰ
584 1932 675 2010 θυμόν

228 2050 280 2117 27.
303 2033 496 2117 φευγέμεναι,
512 2034 557 2098 ταὶ
572 2033 597 2096 δ’
613 2033 693 2114 αἶψα
1007 2006 1043 2066 Λ·
1090 2002 1174 2084 (Π)

140 2141 214 2226 360.
252 2159 279 2204 1.
302 2137 321 2217 ἢ
346 2137 444 2217 κεμάδ’
468 2139 502 2217 ήὲ
528 2136 647 2219 λαγωὸν
663 2137 741 2200 ἐπεί·
792 2155 864 2227 370.
879 2160 930 2207 21.
954 2137 1102 2221 ἀργαλέην
1117 2135 1261 2215 πολέμοιο

331 2266 422 2323 γετον
878 2264 930 2329 3ο.
953 2242 1017 2323 ήρ’
1035 2244 1066 2305 εἰι
1083 2239 1224 2327 μεσσάτῳ

230 2365 280 2409 11.
303 2347 398 2409 λαοῦ,
424 2344 628 2423 ἀποτμήξαντε
674 2343 740 2406 διύ-
792 2363 866 2434 371.
903 2367 930 2411 1.
954 2343 1026 2427 ὄρθι’
1059 2344 1229 2426 Ἀχαιοῖσιν
1255 2345 1286 2404 δὲ
1316 2342 1392 2423 μέγα

338 2473 423 2512 κεταν
987 2448 1093 2513 σθένος
1110 2445 1220 2526 ἔμβαλ’
1238 2445 1352 2529 ἑκάστῳ

230 2569 281 2629 24.
304 2551 323 2629 ή
338 2553 376 2632 ῥα
391 2552 437 2614 καὶ
454 2552 542 2633 ἔγχος
558 2552 673 2632 ἀφῆκεν
696 2564 703 2580 “
900 2573 930 2632 4.
954 2553 1044 2637 καρδίι

142 2655 282 2741 361.14.
305 2653 449 2736 ζωγρεῖτ’,
465 2655 555 2734 αὐτὰρ
572 2655 649 2735 ἐγὼν
662 2652 713 2731 έμέ
882 2657 932 2720 16.
956 2656 1078 2719 πεύθετο
1093 2656 1149 2735 γδρ
1166 2654 1318 2733 Κύπρονδε

234 2757 284 2821 16.
309 2760 386 2820 είκεν
402 2757 453 2837 έμέ
471 2755 544 2833 ζωὸν
560 2753 712 2820 πεπύθοιτ’
883 2758 933 2823 18.
957 2761 986 2824 ἐς
1021 2758 1131 2838 Τροίην
1158 2754 1281 2833 νήεσσιν
1320 2754 1392 2817 ἀνα-

232 2878 282 2925 20.
303 2858 401 2940 ἤτινα
416 2857 557 2937 συλήσων
988 2862 1172 2925 πλεύσεσθαι

143 2963 284 3050 36218.
308 2968 368 3029 πῶς
383 2961 407 3026 δ’
425 2965 528 3026 αἰτῶν
546 2963 649 3026 ἄλλων
795 2982 868 3054 372.
904 2967 934 3032 6.
957 2966 1092 3050 χρύσειοι
1110 2961 1281 3044 πάμφαινον

233 3085 284 3145 24.
306 3065 389 3129 ἅσσα
404 3091 436 3129 τε
450 3066 614 3146 μητιόωσιν
855 3113 857 3119 ,
904 3089 934 3152 9.
958 3069 995 3133 ἂν
1010 3066 1035 3131 δ’
1051 3065 1127 3130 ἕλετ’
1140 3067 1330 3147 ἀμφιβρότην

144 3171 220 3257 363·
256 3183 285 3251 7·
310 3174 370 3234 πῶς
385 3168 443 3250 γὰρ
458 3174 511 3232 νῦν
883 3193 934 3241 20.
957 3174 993 3252 τῇ
1010 3171 1033 3237 δ’
1051 3172 1098 3235 ἐπὶ
1113 3169 1169 3249 μὲν
1184 3169 1286 3251 Γοργώ

234 3292 284 3337 11.
308 3269 455 3350 εύδουσ’ή
475 3269 620 3335 ἀπάνευθε
884 3290 934 3358 α5,
958 3281 1034 3357 τρεῖς
1052 3273 1253 3355 ἆμφιστεφέες

235 3388 285 3456 15.
308 3375 381 3457 πρὸς
395 3376 452 3454 μὲν
469 3374 541 3440 ἁλὸς
557 3377 651 3455 Κᾶρες
797 3395 871 3467 373.
905 3393 935 3462 5.
960 3378 1042 3456 ὀξέα,
1064 3381 1136 3456 τῆλε
1158 3378 1191 3439 δὲ
1212 3375 1324 3458 χαλκὸς
1345 3372 1395 3437 ἀπ’

234 3477 285 3545 28.
308 3478 380 3560 πρὸς
395 3479 540 3559 Θύμβρης
554 3477 580 3540 δ’
597 3477 709 3560 έλαχον
991 3482 1118 3561 αὐτόφιν
1133 3477 1257 3559 οὐρανὸν
1273 3480 1344 3542 εἴσω

233 3601 286 3667 31.
311 3581 359 3645 καὶ
374 3582 487 3663 Φρύγες
504 3581 664 3661 ἱππόδαμοι
887 3606 936 3650 10.
959 3589 1084 3664 τιμῶσαι
1098 3585 1235 3662 βασιλῆα

146 3685 222 3773 364.
257 3705 287 3770 3.
311 3687 343 3750 έν
359 3685 391 3749 δέ
405 3693 479 3766 σφιν
493 3682 600 3764 Ῥῆσος
887 3709 937 3756 12.
961 3687 1090 3752 αύτοίδέ
1107 3684 1233 3766 πρυλέες

232 3806 286 3867 24.
308 3788 477 3867 λευκότεροι
516 3788 634 3870 χειόνος
661 3785 747 3872 (sic),
888 3812 938 3872 14,
962 3796 1044 3874 φθὰν
1059 3793 1091 3854 δὲ
1106 3787 1170 3870 μέγ’
1189 3782 1303 3866 ἱππήων

343 3892 434 3954 θείειν
452 3889 475 3955 δ’
493 3891 645 3970 ἀνέμοισιν
800 3911 874 3984 374.
910 3915 939 3964 2.
964 3897 1053 3975 έρσας
1068 3895 1168 3971 αἵματι
1182 3887 1329 3970 μυδαλέας
1420 3878 1424 3883 ’

147 3995 288 4082 36514.
311 3994 351 4074 μή
367 3993 401 4074 δή
416 4020 467 4073 μοι
482 3995 569 4075 φύξιν
586 4019 623 4075 γε
911 4017 940 4082 7.
964 3998 1077 4080 αἰθέρος
1092 3993 1185 4061 οὕνεκ’
1202 3994 1312 4072 ἔμελλε

238 4118 287 4182 19.
310 4098 329 4178 ἤ
344 4124 376 4162 τε
392 4098 439 4161 καί
453 4099 577 4178 ὕστερον
592 4096 678 4160 εἶσθα
890 4124 940 4169 11.
962 4105 1078 4168 πολλὰς
1094 4101 1230 4183 ἰφθίμους

236 4221 289 4287 3ο.
313 4205 401 4279 θῆκεν
417 4201 474 4264 ἀνά
488 4200 610 4280 μυρίκην
890 4222 940 4289 15,
964 4207 1022 4271 οἶος
1045 4202 1070 4268 δ’
1087 4206 1119 4266 έκ
1139 4202 1255 4281 νεφέων
1271 4199 1398 4280 ἀναφαί-

148 4305 224 4394 366.
260 4323 290 4386 9.
314 4303 349 4382 ἐξ
362 4301 564 4385 ἐπιδιφριάδος
995 4333 1075 4374 νεται
1090 4308 1189 4371 οὔλιος
1204 4301 1297 4384 ἀστήρ

240 4426 290 4487 14.
313 4407 367 4471 Τὸν
392 4407 419 4470 δ’
445 4402 612 4472 ’Obvooebs
639 4404 751 4487 πρθπᾶ·
892 4435 942 4483 21.
966 4414 1076 4478 ἀλλοτε
1091 4409 1115 4473 δ’
1134 4412 1166 4472 έν
1180 4405 1341 4486 πυμάτοισι

345 4514 446 4591 Ρθῑθέν
892 4518 943 4586 28.
967 4514 1052 4605 δῄουν
1067 4511 1127 4578 οὐδ’
1144 4512 1236 4592 έτεροι
