2954 4936
537 189 710 249 ικικκον
741 190 777 248 κ.
809 185 893 267 (10)
1226 185 1289 247 σοι

187 353 259 403 100.
282 336 594 424 δυσμενέες-εἵαται]
612 342 641 402 οῖ
656 341 688 402 δὲ
703 337 841 418 πολέμιοι
856 337 944 420 ἐγγύς
959 338 1096 416 κάθηνται

186 457 258 501 101.
281 439 492 529 μενοινήσωσι]
510 441 721 523 προθυμήσωσι
854 459 925 518 104.
949 443 983 504 ού
1000 438 1069 529 θην]
1086 441 1217 520 οὐδαμῶς
1233 439 1268 519 δή

185 543 256 606 106.
281 544 382 619 κήδεσι
395 542 576 632 μοχθήσειν]
594 550 657 611 ταῖς
671 544 810 624 φροντίσι
825 541 1041 622 κακοπαθήσειν

184 643 256 708 108.
280 646 348 709 ποτὶ
363 644 389 711 δ’
406 648 442 711 αὖ
458 647 505 710 καὶ
521 648 671 729 ἐγείρομεν
686 642 813 732 ἄλλους]
830 646 903 725 πρὸς
917 647 1031 711 τούτοις
1046 648 1078 709 δὲ
1094 647 1141 710 καὶ
1156 646 1222 713 τοὺς
1237 646 1289 709 ἄλ-

104 795 107 809 .
134 751 209 813 λονς
224 748 381 829 ἐγείρωμεν
420 803 428 811 ,
1302 762 1319 823 5

184 869 256 935 113.
281 849 447 940 ἑκαστάτω]
465 851 639 934 πορρωτάτω

184 971 255 1030 114.
279 951 406 1042 αἰδοῖον]
424 958 523 1021 αἰδοῦς
538 955 622 1034 ἄξιον

183 1067 255 1136 115.
279 1055 341 1119 οὐδ’
357 1055 517 1145 ἐπικεύσω]
538 1060 605 1122 οὐδὲ
621 1059 783 1140 ἀποκρύψω

180 1172 252 1239 117.
275 1157 449 1248 πονέεσθαι]
467 1161 573 1224 Verba
596 1163 643 1224 διὰ
658 1161 713 1240 τὴν
732 1159 822 1238 αὐτὴν
837 1161 933 1224 αἰτίαν
953 1161 987 1222 in
1011 1183 1113 1244 marg.
1130 1159 1289 1243 adscripta

133 1283 201 1324 non
215 1260 371 1344 glossema
385 1267 469 1340 sunt,
482 1263 536 1327 sed
553 1263 730 1327 referuntur
741 1263 781 1326 ad
797 1262 938 1326 scholion
954 1264 1059 1327 versui
1073 1263 1135 1326 116
1149 1261 1286 1346 adscrip-
1304 1281 1341 1321 10

135 1369 208 1427 tum
223 1365 269 1428 ὅτι
284 1364 318 1427 τὸ
333 1365 492 1430 πονέεσθαι
507 1366 555 1430 ἐπὶ
569 1372 621 1430 τοῖι
636 1368 766 1448 ἐνεργεῖν

113 1480 118 1497 ’
183 1467 254 1532 118.
279 1468 371 1532 οὐκέτ’
387 1467 521 1558 ἀνεκτός]
539 1471 759 1549 ἀνυπομόνητος

183 1585 255 1653 127.
278 1567 342 1660 ἵνα]
361 1574 423 1636 ἐκεῖ
550 1570 733 1661 ἐπέφραδον]
752 1573 836 1638 εῖπον

183 1695 254 1760 133.
277 1673 478 1764 περονήσατο]
498 1677 605 1762 περόνῃ
621 1675 788 1755 ἀνελάβετο
920 1671 1146 1763 φοινικόεσσαν]
1163 1673 1275 1757 πυρράν

84 1823 88 1840 -.
183 1797 253 1863 134.
279 1775 428 1866 ἐκταδίην]
446 1780 637 1858 ἐκτεταμένην
767 1777 856 1868 οὔλη]
874 1778 975 1857 ἆπαλή
1305 1795 1341 1852 15

183 1894 253 1962 145.
277 1879 438 1970 βεβίηκεν]
454 1881 588 1962 βιάζεται
693 1895 763 1963 152.
784 1882 842 1946 ὑπὸ
857 1879 976 1969 κρασὶν]
992 1880 1050 1946 ὑπὸ
1064 1887 1128 1947 ταῖς
1144 1886 1289 1962 κεφαλαῖς

184 1996 256 2069 153.
279 1981 426 2072 ἐλήλατο]
443 1986 546 2049 ἵστατο
562 1987 604 2051 είς
619 1986 672 2064 τὴν
686 1990 744 2067 γῆν

182 2087 254 2168 156.
277 2087 334 2152 ὑπὸ
352 2085 511 2175 κράτεσφι]
527 2086 585 2152 ὑπὸ
599 2091 633 2167 τῇ
650 2089 766 2170 κεφαλῇ

183 2190 253 2253 160.
279 2191 331 2254 οὐκ
346 2189 434 2279 ἀΐεις]
451 2191 503 2254 οὐκ
519 2190 645 2277 αἰσθάνῃ

182 2294 254 2358 161.
279 2288 535 2381 ὀλίγος-χοῖρος]
551 2294 656 2375 μικρὸν
671 2293 816 2373 διάστημα
947 2290 1057 2380 ἐρύκει]
1076 2294 1184 2356 κωλύει
1301 2318 1340 2358 20

182 2397 253 2478 167.
280 2395 444 2484 ἀμήχανος]
461 2397 533 2479 πρὸς
549 2397 582 2461 δν
597 2398 648 2461 οὐκ
664 2397 728 2460 ἐστι
743 2396 860 2479 μηχανή

181 2513 253 2580 174.
278 2497 399 2588 βιῶναι]
417 2504 558 2579 σωθῆναι,
574 2504 659 2579 ζήσαι

181 2616 252 2683 177.
279 2599 422 2691 ἑέσσατο]
446 2603 642 2682 περιεβάλετο
801 2601 873 2669 182.
898 2599 1070 2690 ἐγρηγορτὶ]
1095 2603 1287 2684 ἐγρηγορότες

133 2707 346 2788 (ἐγρηγορῶτες
359 2706 403 2790 Α)

86 2860 88 2864 .
180 2822 249 2892 197.
272 2806 376 2897 ἤϊσαν]
393 2810 566 2890 ἐπορεύοντο
698 2804 952 2896 συμμητιάασθαι]
969 2809 1169 2888 βουλεύεσθαι
1300 2821 1362 2888 π5’

178 2931 251 2979 202.
277 2910 464 3001 πίφαυσκον]
483 2913 589 2995 ἔλεγον
720 2924 793 2992 205.
818 2908 991 2999 τολμήεντι]
1010 2912 1166 2996 καρτερικῷ

178 3033 251 3082 212.
273 3013 424 3104 ἀσκηθής]
442 3015 595 3096 ἀβλαβής,
609 3014 693 3096 ὑγιής
823 3012 923 3103 κλέος]
941 3016 1033 3094 ὄνομα

177 3118 251 3183 216.
276 3107 456 3206 ὖπόρρηνον]
473 3120 611 3200 ύπαρνον,
628 3118 734 3200 ἔγκυον
870 3114 986 3206 κτέρας]
1004 3121 1098 3197 κτῆμα

177 3234 250 3302 217.
277 3219 461 3308 εἰλαπίνῃσι]
479 3224 593 3303 ἑορταῖς
724 3239 798 3306 223.
823 3218 978 3308 θαλπωρή]
995 3220 1094 3301 ἡδονή,
1111 3219 1224 3302 θάλφις

177 3324 250 3390 226.
275 3320 437 3411 βράσσων]
453 3325 642 3406 βραδύτερος,
658 3322 676 3402 ἢ
692 3325 916 3406 ταρασσόμενος

177 3439 250 3512 235.
277 3426 381 3508 ἐταρόν
396 3424 423 3508 γ’
441 3423 589 3514 αἱρήσεαι]
608 3428 723 3507 ἑταῖρον
740 3427 786 3490 καὶ
802 3425 945 3508 συνεργὸν
956 3422 1090 3503 ἐπιλέξαι
1102 3423 1136 3489 δν
1148 3423 1184 3488 ἂν
1196 3425 1284 3504 θέλῃς

176 3529 249 3615 238.
273 3525 439 3617 ὀπάσσεαι]
454 3530 617 3593 ἀκόλουθον
632 3535 808 3610 περιλαβεῖν
828 3611 829 3616 ¹

177 3651 250 3718 239.
274 3635 305 3700 ἐς
319 3632 426 3714 γενεὴν
441 3629 548 3720 ὁρόων]
567 3635 609 3700 είς
624 3631 677 3711 τὴν
692 3631 841 3714 εὐγένειαν
856 3633 977 3712 ἀφορῶν

91 3785 99 3802 .
176 3737 249 3814 246.
274 3736 322 3800 καὶ
337 3736 369 3799 ἐκ
386 3733 492 3824 πυρὸς]
510 3736 557 3800 καὶ
572 3737 605 3799 ἐκ
620 3741 672 3799 ποῖ
688 3741 819 3817 φανεροῦ

175 3857 249 3924 249.
275 3835 368 3925 αίνεε]
386 3839 499 3903 ἐπαίνει
629 3835 733 3926 νείκει]
749 3837 829 3920 ψέγε

174 3954 248 4024 251.
274 3938 390 4030 ἄνεται]
408 3943 534 4021 ἀνύεται,
550 3947 712 4006 τελειοῦται

175 4059 249 4128 254.
275 4043 430 4134 δεινοῖσιν]
447 4051 590 4128 φοβεροῖς

175 4169 194 4217 2
197 4150 249 4231 56
275 4146 529 4238 ἄμφηκες]ξτοέ
543 4151 613 4214 ἑκατ
615 4148 681 4232 έρον
695 4149 799 4231 μέρους
813 4147 991 4262 ἠκονημένον

175 4252 249 4334 258.
274 4250 423 4340 ταυρείην]
440 4254 614 4335 δερματίνην

175 4355 296 4438 ἄφαλόν
310 4380 344 4419 τε
359 4382 407 4420 και
396 4351 626 4444 ἄλλοφον]”
592 4382 658 4422 ουτε
672 4356 820 4440 λόφον”
786 4381 854 4421 οντε
868 4356 1071 4438 προμετόπιον
1086 4354 1216 4438 ἔχουσαν
1294 4370 1334 4428 40

175 4455 330 4547 καταῖτυξ]
348 4458 424 4527 είδος
439 4461 673 4542 περικεφαλαίας

173 4595 246 4642 1⁷01.
262 4597 298 4642 11.
694 4600 714 4642 1
