2954 4936
517 245 754 308 11114022.
786 244 871 327 (23)
1256 245 1321 307 379

157 410 209 478 27.
232 397 323 480 τείχει
350 395 407 462 ὑπὸ
432 399 542 478 Τράων
568 398 669 480 εύηγε·
722 399 793 482 258.
829 415 858 479 3.
881 400 987 466 ἵππους
1002 401 1034 462 δὲ
1049 399 1168 483 Τρῳούς

262 502 336 566 νέων
828 523 859 586 5.
883 505 975 582 Αἴθην
989 503 1043 582 τήν
1059 500 1296 584 Ἀγαμεμνονέην

156 624 207 690 29.
230 606 270 686 μὴ
285 608 340 686 έμδι
355 613 417 670 σῶν
433 607 579 670 ἀπάνευθε
829 626 859 687 9.
882 605 934 683 τήν
946 604 1145 687 Ἀγαμέμνονι

64 724 141 793 251.
176 730 207 795 3.
230 710 331 790 νήπιος
345 712 397 774 οὐκ
413 709 526 774 ε’θέλων
810 720 860 788 15.
883 709 1030 776 ὠκύποδες
1044 709 1137 790 φέρον
1149 708 1227 789 άρμα

176 833 206 896 9.
229 815 356 896 χρύσεος
370 815 557 894 ἀμφιφορεύς
586 852 589 857 -
810 827 860 892 17.
882 810 992 892 μυθεῖτ’
1009 814 1050 878 εἰς
1066 813 1163 894 ἀγαθά
1179 808 1312 892 φρονέων

156 932 207 1000 23.
231 916 311 980 ἀλλά
326 943 375 996 μοι
391 918 488 980 ἆσσον
504 921 590 995 στῆθι
809 933 860 1000 23.
883 916 950 980 νέον
964 941 1019 996 περ
1038 914 1115 979 ἐόντ’
1130 917 1279 994 ἐφίλησαν

156 1035 206 1100 27.
230 1019 315 1103 ψυχή
332 1020 381 1084 καὶ
396 1023 518 1084 εἴδωλον
810 1033 860 1100 27.
884 1021 957 1086 Ζεύς
971 1045 1004 1083 τε
1017 1018 1192 1084 Ποσειδάων
1203 1044 1236 1083 τε

66 1133 142 1202 252.
177 1121 207 1185 6.
229 1122 335 1203 οὐρῆάς
350 1121 376 1184 τ’
391 1123 500 1204 ὤτρυνε
809 1143 860 1207 30.
884 1129 943 1186 τῶν
958 1121 984 1186 δ’
999 1125 1082 1187 ἵπποι
1097 1124 1152 1201 μὲν
1167 1123 1253 1186 έοσιν

158 1244 206 1287 11.
230 1223 338 1304 τάμνον
354 1227 538 1306 ἐπειγόμενοι
809 1243 859 1306 32.
882 1227 951 1306 μήτι
966 1225 992 1290 δ’
1008 1230 1076 1290 αὖτε
1118 1255 1120 1259 ’

65 1339 141 1412 253.
180 1347 206 1390 1.
229 1328 304 1408 θριξὶ
313 1331 345 1392 δὲ
354 1329 451 1392 πάντα
460 1327 546 1392 νέκυν
555 1329 671 1392 καταεῖ-
722 1346 795 1414 259.
830 1351 860 1414 3.
884 1330 951 1393 ἀλλ’
968 1329 1001 1396 δς
1015 1330 1069 1409 μέν
1084 1331 1108 1393 θ’
1126 1333 1243 1394 ἵπποισι

264 1457 335 1494 νυον
831 1433 859 1495 8.
884 1434 988 1512 ἕστηκε
1003 1431 1095 1511 ξύλον
1111 1434 1182 1497 αὖον

158 1551 206 1597 10.
230 1532 320 1614 πέμπ’
332 1532 435 1600 Ἀΐδας
452 1535 485 1598 δέ
810 1555 846 1597 11
852 1584 859 1599 .
883 1539 915 1599 έν
930 1538 1089 1622 ξυνοχῇσιν
1104 1539 1173 1599 ὁδοῦ

157 1655 206 1715 14.
231 1637 389 1715 κάτθεσαν,
405 1628 484 1718 άῖψα
499 1637 531 1700 δέ
545 1638 573 1700 οἵ
811 1659 859 1720 19.
884 1641 922 1706 ὣς
947 1641 984 1703 άν
1007 1666 1052 1704 τοι
1074 1639 1193 1719 πλήμνη
1216 1667 1251 1722 γε
1274 1645 1322 1704 δο-

157 1753 207 1820 17.
232 1737 342 1818 ξανθήν
358 1741 533 1822 ἀπεκείρατο
548 1740 652 1823 χαίτην
914 1738 1040 1804 άσσεται

157 1862 206 1924 19.
230 1842 330 1907 ἄλλως
353 1845 458 1924 σοίγε
481 1842 575 1922 πατὴρ
601 1841 668 1921 ήρή-
808 1861 858 1921 24.
882 1842 941 1907 οὐδ’
958 1846 986 1908 εἵ
1000 1869 1050 1909 κεν
1065 1846 1244 1922 μετόπισθεν

263 1971 338 2008 σοτο
354 1947 472 2024 Πηλεύς
722 1944 794 2008 260.
810 1965 860 2031 23.
883 1949 935 2012 τάς
950 1949 982 2010 δὲ
997 1946 1062 2025 μετ’

68 2061 142 2130 254.
175 2067 205 2133 3.
230 2048 331 2128 κήδεός
346 2050 410 2111 ἐστι
426 2047 507 2114 νέκυς
809 2068 826 2112 2
829 2064 859 2132 5.
883 2052 909 2114 εἰ
923 2050 963 2129 μή
977 2049 1086 2116 Τυδέος
1100 2049 1144 2112 υἵϊ

155 2166 207 2234 27.
230 2151 261 2218 ές
278 2154 370 2218 πόδας
386 2153 418 2215 έκ
434 2155 567 2233 κεφαλῆς
722 2151 792 2215 261.
832 2171 860 2214 1.
883 2156 911 2216 οἱ
927 2152 960 2214 δέ
975 2155 1003 2215 οἵ
1018 2152 1218 2232 ἐβλάφθησαν

137 2265 139 2269 ’
155 2275 206 2340 3ο.
230 2255 302 2337 πρὸς
316 2255 409 2338 λέχεα
425 2258 533 2320 κλίνων
545 2258 670 2337 πίσυρας
811 2273 860 2319 12.
883 2256 1029 2319 Τυδείδεω
1045 2257 1163 2319 ἵπποισι

155 2377 206 2442 32.
231 2360 263 2422 έν
280 2358 313 2422 δὲ
327 2357 416 2439 πυρὸς
430 2359 515 2438 μένος
532 2355 584 2438 ήκε
811 2370 860 2438 15.
885 2359 990 2432 ἵππους
1005 2356 1028 2420 δ’
1044 2357 1199 2439 Ἀτρείδαο

68 2475 141 2544 255.
176 2476 206 2544 5.
231 2457 342 2526 δώδεκα
355 2465 412 2542 μὲν
425 2464 536 2544 Τρόων
809 2461 858 2524 16.
882 2464 1072 2542 καρπαλίμως

158 2585 207 2629 1ο.
230 2565 328 2645 ήματα
343 2567 390 2629 καὶ
406 2567 509 2632 νύκτας
809 2584 857 2649 23.
885 2571 999 2632 στεῖνος
1014 2568 1083 2629 ὁδοῦ

158 2689 207 2748 14.
230 2671 286 2748 όλη
302 2667 328 2732 τ’
342 2669 496 2732 έσσεύαιτο
721 2667 793 2731 262.
829 2686 858 2734 2.
883 2670 963 2731 άσσο
978 2671 1010 2732 δὲ
1025 2672 1127 2732 δίσκου
1142 2669 1213 2749 οὖρα

157 2792 206 2854 24.
232 2773 335 2854 ψυχὴν
350 2771 519 2851 κικλήσκων
829 2791 859 2850 4.
883 2772 946 2836 ἐπεὶ
961 2772 995 2836 ού
1011 2770 1038 2835 α’
1055 2771 1161 2851 ἔτυμόν
1173 2797 1208 2853 γε
1224 2771 1322 2854 φάμεν

156 2892 207 2956 27.
231 2877 270 2943 ὡς
285 2873 424 2959 Ἀχιλεὺς
440 2874 553 2956 ἑτάροις
829 2895 858 2958 9.
882 2876 972 2938 άλλοι
988 2878 1044 2955 μὲν
1061 2875 1195 2940 δοκέουσι
1218 2877 1321 2958 παροί-

156 2998 206 3062 29.
230 2979 303 3060 ήμος
318 2977 343 3042 δ’
360 2981 515 3059 ἑωσφόρος
914 3004 993 3059 τεροι

69 3084 142 3165 256.
177 3104 207 3169 3.
232 3083 335 3160 κλίνθη
352 3083 481 3162 κεκμηδς
496 3104 556 3147 om.
810 3100 858 3144 11.
882 3081 913 3145 αἵ
929 3082 1011 3147 κεῖσέ
1024 3109 1061 3165 γε
1076 3081 1216 3165 φέρτεραι

176 3188 206 3250 6.
231 3186 278 3250 καὶ
293 3188 413 3250 δίπλακι
428 3187 507 3270 δημφ
524 3188 637 3265 θείομαι
811 3205 859 3269 13.
881 3183 948 3263 ήτοι
974 3189 1030 3268 γάρ
1055 3190 1107 3253 τὰς
1130 3193 1232 3270 πρῶτα
1256 3190 1322 3252 ἵδον

176 3289 206 3353 8.
230 3290 346 3369 θείομεν
365 3291 479 3352 εἰσόκεν
494 3288 579 3354 αὐτὸς
595 3291 670 3372 ε’γάν
914 3289 982 3371 περὶ
996 3290 1087 3372 τέρμα
1101 3292 1259 3370 βαλούσας

156 3407 206 3475 15.
230 3395 307 3477 ἑανῷ
323 3392 383 3455 λιτὶ
400 3390 536 3473 κάλυψεν
721 3393 793 3474 263.
833 3411 857 3453 1.
880 3394 960 3472 παρά
996 3395 1052 3473 γάρ
1088 3394 1134 3456 καὶ
1172 3395 1322 3472 ἀμείνονες

155 3514 206 3577 27.
230 3496 306 3577 ἀμφὶ
321 3494 425 3576 πυρὴν,
442 3493 523 3575 εἶθαρ
541 3494 574 3558 δέ
912 3493 1002 3557 ἄλλοι

154 3618 205 3682 29.
229 3603 299 3678 θήκε
314 3605 440 3680 γυναῖκα
830 3609 859 3675 7.
883 3596 1032 3676 Εὐμήλου,
1050 3599 1084 3660 ἐν
1099 3601 1124 3660 δ’
1140 3598 1225 3666 αὐτὸς
1244 3599 1322 3682 ἔχων

155 3721 207 3786 32.
232 3699 322 3781 ἔξετέ
340 3700 470 3780 ἀδμήτην
915 3701 1024 3779 εύληρα

67 3818 141 3887 257.
177 3826 207 3890 3.
231 3805 322 3886 αύτάρ
336 3811 377 3890 τῷ
392 3804 514 3889 τριτάτῳ
810 3816 859 3885 15.
881 3801 972 3881 μάστι
987 3801 1013 3866 δ’
1029 3805 1092 3869 αἰὲν
1108 3805 1213 3870 έλαυνε

176 3923 207 3992 5.
225 3915 266 3995 τῳ
282 3909 315 3972 δὲ
330 3907 458 3992 τετάρτῳ
477 3910 547 3984 θῆκε
808 3923 859 3986 23.
882 3906 967 3972 αὐτὸς
983 3905 1007 3970 δ’
1024 3909 1056 3970 ἔκ
1072 3909 1189 3990 δίφροιο
1204 3909 1299 3992 χαμαί

176 4033 207 4092 9.
230 4012 352 4098 πέμπτῳ
368 4010 395 4075 δ’
411 4011 573 4091 ἀμφίθετον
808 4026 860 4094 32.
884 4008 1005 4084 λείπετ’,
1023 4011 1096 4091 ἀτὰρ
1110 4014 1147 4075 τά
1161 4017 1262 4092 πρῶτα

158 4133 207 4200 13.
232 4118 341 4194 ἱππῆας
355 4112 419 4177 τάδ’
435 4114 529 4177 άεθλα
722 4113 793 4194 264.
833 4133 858 4178 1.
882 4114 929 4177 καὶ
950 4115 982 4177 ἑκ
997 4115 1137 4195 δίσκουρα
1151 4114 1291 4179 λέλειπτο

158 4233 207 4299 17.
230 4221 296 4283 ἵστε
310 4219 368 4300 γὰρ
383 4218 478 4280 όσσον
492 4218 561 4296 ἐμοί
827 4236 858 4296 4.
881 4223 920 4302 τῷ
933 4216 967 4281 κέ
980 4242 1032 4298 μιν
1047 4219 1191 4300 παρέλασ’

156 4339 207 4387 2ο.
230 4322 318 4401 ἠπίου
332 4322 350 4384 ὅ
365 4328 463 4403 σφωϊν
829 4335 858 4402 7.
880 4320 1000 4400 ήκιστος
1015 4320 1041 4386 δ’
1056 4322 1093 4401 ήν

157 4425 208 4490 28.
232 4425 322 4488 ἀλλοι
338 4427 369 4488 δὲ
385 4423 550 4498 στέλλεσθε
812 4443 860 4488 11.
883 4425 979 4488 ἕλκων
994 4423 1108 4505 ἅρματα
1125 4426 1201 4491 καλά

153 4547 204 4612 31.
228 4529 267 4594 ὣς
283 4526 360 4610 φάτο
382 4529 530 4607 Πηλείδης
548 4527 651 4610 ταχέες
808 4547 859 4612 30.
882 4533 942 4591 τῶν
957 4531 984 4592 οἵ
1001 4528 1091 4594 ἔπειτ’
1107 4532 1222 4595 ἀνελάν
1334 4598 1338 4607 ,
