2954 4936
129 199 195 259 σοι
538 202 706 260 ιλιΑΔος
738 201 775 259 Α.
807 197 870 280 (1)

175 351 396 440 μαρναμένοιιν]
413 351 591 434 μαχομένων

177 456 249 538 258.
274 458 301 519 οἳ
327 459 392 537 περὶ
414 459 469 535 μὲν
492 451 666 542 βουλην-]
693 456 757 518 ἀντὶ
779 460 831 518 τοῦ
856 452 909 536 (αὑ
931 455 973 535 Α)
996 455 1102 520 οἵτινες
1127 451 1286 534 διαφέρετε

131 566 189 622 τῶν
203 557 359 636 Ἑλλήνων
375 561 421 622 καὶ
437 561 469 622 έν
484 559 523 644 τῷ
539 560 738 636 βουλεύεσθαι
755 560 802 622 καὶ
818 561 850 622 ἐν
866 560 905 644 τῷ
921 563 1065 636 πολεμεῖν

177 680 195 727 2
198 676 250 744 59.
274 660 378 750 έστδν]
395 664 542 743 ὑπάρχετε

177 769 250 831 260.
275 763 422 852 ἀρείοσιν]
439 767 586 844 βελτίοσι,
604 768 750 847 κρείττοσι

179 874 250 935 261.
274 866 423 957 ὡμίλησα]
442 869 690 951 συνανεστράφην

176 970 324 1060 ἀθέριζον]
343 973 494 1052 ἠπείθνυν,
511 973 724 1053 ἀπεδοκίμαζον

177 1080 249 1162 263.
273 1073 351 1164 οἷον]
369 1079 473 1140 ὁποῖον

178 1183 250 1258 264.
274 1182 321 1243 καὶ
338 1176 486 1267 ἀντίθεον]
505 1181 550 1243 καὶ
566 1180 618 1243 τάν
634 1181 752 1243 ἰσόθεον

177 1291 251 1364 267.
275 1279 363 1369 ἔσαν]
379 1285 512 1365 ὑπῆρχον
618 1308 621 1315 ·
930 1352 938 1367 ,

179 1386 250 1451 268.
275 1387 386 1468 φηρσὶν
401 1382 608 1474 ὀρεσκῴοισιν]
626 1386 729 1467 θηρσὶν
743 1393 803 1452 τοῖς
820 1388 852 1450 έν
869 1387 931 1466 ὄρει
947 1383 1148 1464 διαιτωμένοις

177 1486 346 1576 ἐκπάγλως]
364 1490 473 1571 ἐξόχως
489 1491 536 1552 καὶ
551 1494 689 1569 φοβερῶς

178 1597 251 1674 269.
274 1589 386 1679 τοῖσιν]
403 1599 466 1658 τοῖς
481 1593 547 1674 περὶ
562 1592 614 1656 τὸν
631 1595 786 1672 Πειρίθοον

176 1694 371 1783 μεθομίλεον]
389 1696 577 1778 συνεμάχουν

180 1813 252 1880 270.
276 1796 418 1886 τηλόθεν]
436 1801 588 1879 πόρρωθεν

179 1915 252 1985 273.
277 1901 323 1963 καὶ
337 1902 392 1980 μέν
406 1899 476 1993 μευ]
495 1903 541 1965 καὶ
557 1902 615 1982 μὴν
630 1905 701 1982 ἐμοῦ

177 2001 287 2092 ξύνιεν]
304 2004 419 2083 ἤκουον,
437 2007 573 2070 ἐπίθοντο

178 2127 250 2188 274.
273 2106 378 2194 ὔμμες]
398 2111 498 2176 Αἰολίς
514 2094 575 2193 (οἰδ
589 2110 644 2188 A).
690 2109 731 2172 In
753 2108 801 2172 ed.
819 2108 910 2172 Rom.
935 2110 981 2173 καὶ
1004 2111 1097 2186 ὑμεῖς.
1142 2109 1248 2174 Αἰολὶς
1269 2109 1286 2186 ἡ

133 2211 295 2278 διάλεκτος.

1301 1337 1335 1378 10

1302 1854 1331 1913 Ῑ5

178 2329 251 2396 275.
275 2318 385 2398 ἀγαθός
396 2342 451 2397 περ
463 2316 533 2405 ἐόν]
552 2320 644 2381 καίτοι
658 2317 804 2397 βασιλεὺς
818 2316 959 2400 ὑπάρχων
973 2315 992 2395 ἢ
1008 2315 1120 2398 ἀγαθὸς
1134 2320 1170 2402 τῇ
1187 2316 1286 2401 γνώμη
1300 2389 1331 2428 20

178 2418 332 2506 ἀποαίρεο]
351 2420 458 2484 Ἰώνων
589 2417 710 2507 κούρην]
729 2420 838 2483 ’[άνων

177 2524 250 2603 276.
272 2524 310 2588 ὥς
325 2527 353 2586 οἱ
368 2522 482 2611 πρῶτα]
501 2527 600 2604 ὥσπερ
619 2525 695 2608 αὐτῷ
712 2523 748 2601 ἐξ
760 2525 851 2605 ἀρχῆς

177 2639 250 2705 277.
274 2625 352 2713 θέλ’]
369 2629 483 2705 βούλου

177 2727 249 2808 278.
274 2727 388 2815 ὁμοίης]
406 2733 472 2809 ἴσης
603 2729 725 2818 ἔμμορε]
743 2731 861 2812 ἔλαχεν,
878 2728 984 2810 ἔτυχεν

177 2846 249 2918 279.
273 2830 344 2921 ᾧτε]
362 2831 443 2919 ᾧτινι

177 2937 249 3000 281.
274 2935 469 3024 πλεόνεσσιν]
487 2939 549 3000 ἀντὶ
565 2944 616 3001 τοὺ
632 2943 696 3021 (τοῦ
712 2961 773 3003 om.
789 2939 831 3020 A)
852 2940 1000 3001 πλειόνων

177 3038 247 3103 282.
270 3039 337 3102 τεὸν
352 3038 453 3127 μένος]
471 3041 524 3118 τὴν
541 3041 598 3119 σὴν
613 3043 705 3123 ἀργήν

178 3141 248 3225 283.
273 3141 411 3231 μεθέμεν]
430 3149 623 3225 συγχωρῆσαι
753 3142 845 3230 μέγα]
866 3143 1004 3224 μεγάλως

178 3245 249 3324 284.
275 3244 372 3332 ἕρκος]
390 3253 497 3328 τεῖχος,
514 3249 706 3328 περίφραγμα
836 3243 973 3333 πέλεται]
991 3247 1108 3327 γίνεται

178 3347 250 3413 286.
275 3351 348 3412 κατά
363 3348 483 3436 μοῖραν]
503 3354 576 3413 κατὰ
591 3350 624 3412 τά
639 3353 788 3428 προσῆκον

177 3451 249 3516 288.
273 3450 392 3515 πάντων
406 3455 459 3530 μὲν
475 3451 620 3540 κρατέειν]
638 3451 755 3515 πάντων
770 3453 850 3516 θέλει
865 3453 1022 3536 ὑπερέχειν

179 3553 252 3637 289.
276 3552 445 3641 σημαίνειν]
462 3556 668 3632 προστάσσειν

178 3677 248 3739 290.
273 3656 433 3744 αἰχμητὴν]
450 3661 613 3736 πολεμικόν
744 3656 868 3745 ἔθεσαν]
885 3660 1030 3737 ἐποίησαν

178 3780 250 3845 293.
275 3758 385 3846 δειλός]
404 3760 532 3838 ἀσθενής

175 3862 337 3950 οὐτιδανὸς]
355 3863 474 3930 οὐδενὸς
488 3867 583 3945 λόγου
599 3865 680 3942 ἄξιος

177 3984 249 4049 294.
274 3962 375 4052 ἔργον]
393 3971 511 4047 πρᾶγμα
640 3964 811 4054 ὑπείξομαι]
828 3965 1015 4050 ὑποχωρήσω

177 4088 249 4153 295.
273 4065 443 4155 ἐπιτέλλεο]
461 4071 639 4150 πρόστασσε

178 4174 250 4254 296.
273 4168 408 4257 σήμαιν’]
425 4173 602 4248 πρόστασσε

179 4275 213 4335 οὑ
227 4272 393 4361 γάρ-ἀΐω]
415 4275 472 4354 ἐγὼ
488 4278 544 4355 γὰρ
559 4275 593 4338 οὑ
610 4277 716 4351 νομίζω
731 4277 893 4353 πεισθῆναί
905 4301 956 4338 σοι

179 4395 252 4458 300.
276 4376 416 4464 μελαίνῃ]
433 4380 550 4461 βαθείᾳ.
582 4377 600 4454 ἢ
617 4381 665 4440 διδ
679 4380 733 4457 τὴν
747 4380 862 4442 πίσσαν
878 4381 1012 4460 (πησσαν
1026 4379 1070 4461 Α)

179 4497 250 4560 301.
272 4479 385 4563 φέροις]
402 4480 510 4559 λάβοις
