2954 4936
535 210 706 270 ΙΛΙΑΔΟΣ
736 213 777 271 Ω.
808 209 896 292 (24)

185 380 261 447 399·
291 355 353 443 *ἓξ
370 361 402 434 δέ
419 359 462 448 οἷ]
488 395 537 459 ηρ.
556 362 592 446 ἓξ
615 364 723 463 δέτῷ.
814 372 815 378 '

184 498 258 559 400.
289 475 373 547 *τῶν
389 479 471 571 μέτα
487 480 690 580 παλλόμενος]
707 477 796 562 οὗτος
814 493 877 555 τῶν
896 485 1001 577 μέτα.

184 599 241 661 τῶν
257 592 354 692 μέτα]
369 597 593 692 οἷναστρέφοοσι
613 600 664 685 τὴν
681 599 826 694 πράθεσιν·
857 601 924 673 ἔστι
942 603 1001 697 γάρ
1018 602 1099 695 μετὰ
1118 612 1183 674 τῶν.

182 705 272 805 [418.
300 710 391 811 θηοΐο]
418 721 493 800 θηοῒο
521 714 571 786 διδι
598 724 649 788 τοῦ
674 731 705 809 ἦ,
728 715 793 788 άντδ
824 726 876 790 τοῦ
903 723 1101 813 θανμάσειας.
1140 716 1228 799 siivas
1254 719 1290 789 ai

119 821 347 923 ’Ἀριστάρχον
1301 855 1320 916 5

154 1000 161 1007 .
184 970 258 1036 439.
289 946 486 1042 ὀνοσσάμενος
512 949 706 1050 μαχέσαιτο]
733 949 825 1032 οὐδεὶς
852 953 887 1023 άν
913 985 960 1024 σοι
990 951 1162 1049 μαχεσθεάη
1190 985 1288 1024 κατα-

132 1062 288 1155 φρονήσας
306 1062 378 1155 έμοῢ
395 1071 446 1137 τοῦ
463 1069 723 1163 παραπέμποντος.

188 1202 265 1272 450.
297 1181 370 1278 δοῦρ’
401 1183 528 1282 ε’λάτης]
565 1186 693 1266 κλάδους
724 1186 856 1273 έλάτηςι
893 1184 999 1282 θροφος
1028 1185 1060 1258 δέ
1094 1185 1177 1258 ἔστιν
1209 1181 1288 1267 εἶδος

131 1298 287 1388 καλάμης.

184 1423 261 1506 463.
288 1416 463 1512 α’φθαλμοδς
480 1417 609 1517 εἴσειμι]
635 1417 701 1491 cirri
719 1429 771 1492 τοῦ
788 1419 847 1509 η’ξα
869 1421 911 1501 εἷς
930 1419 997 1509 άφιν
1013 1431 1065 1494 τοῦ
1081 1421 1264 1518 Ἀχιλλέας.
1303 1444 1340 1487 10

185 1557 261 1625 473.
288 1533 442 1634 καθείατο]
466 1533 670 1634 Ἀρίσταρχος
688 1536 737 1609 διδι
753 1546 804 1610 τοῦ
820 1548 851 1626 ἦ.

185 1657 259 1738 482.
289 1651 423 1750 θάμβος]
448 1653 548 1725 οὗδένα
565 1654 624 1750 χδιρ
643 1653 819 1750 διαλέγεται
837 1653 891 1736 έως
908 1652 942 1727 οὗ
957 1653 1114 1755 καθαρθῇ]

186 1788 261 1857 512.
290 1766 417 1870 δώματ’]
437 1765 484 1841 ’ὅτι
503 1780 756 1866 καταχρηστικῶς
769 1771 825 1851 τδις
841 1771 954 1859 σκηνδις
971 1769 1061 1852 οὕτως
1078 1768 1167 1845 εἶπεν.
1196 1771 1289 1859 Ζηνά-

134 1883 219 1964 δοτος
234 1884 266 1956 δὲ
288 1889 450 1981 στεναχή
474 1888 522 1959 διὰ
539 1896 590 1960 τοῦ
607 1891 624 1962 ἒ
639 1892 763 1987 γράφει.
798 1884 934 1961 ε’κπῖπτει
959 1889 991 1961 δέ
1008 1891 1048 1962 τά
1067 1890 1115 1962 διδι
1132 1899 1184 1962 τοῦ
1203 1890 1220 1965 s
1236 1893 1289 1989 ῥή-

133 2034 223 2093 ματα
243 2002 271 2073 έν
289 2013 352 2084 τοῖς
369 2003 509 2098 α’νάμασιν
527 2005 569 2085 εἷς
586 2003 619 2076 τδ
635 2011 663 2091 ὃ,
680 2004 760 2102 λέγω
785 2003 885 2102 λάχος,
903 2007 979 2100 μένω
997 2008 1086 2101 μονή*
1110 2005 1199 2089 οὕτως
1218 2041 1289 2080 στε-
1304 2027 1340 2087 15

134 2121 220 2204 νάξαι
239 2122 383 2215 στοναχῆ.

187 2259 261 2327 514.
287 2236 344 2310 καί
357 2239 385 2309 οἷ
400 2237 458 2311 οἷπδ
477 2237 646 2337 πραπίδων]
662 2241 824 2310 άθετεῒται·
851 2239 1022 2337 προείρηται
1039 2240 1098 2340 γάρ
1118 2240 1220 2322 ἱκανῶς
1238 2241 1287 2311 διδ

134 2361 187 2424 τοῦ
206 2354 331 2451 “αὗτδιρ
350 2354 419 2427 ε’πεά
434 2360 473 2453 ῥα
493 2355 603 2451 χάοιο,”
623 2354 674 2428 καὶ
697 2356 810 2453 ἀκάρας
831 2357 959 2443 τέθειταη
977 2354 1011 2427 ri
1028 2355 1150 2452 γυίων·
1177 2359 1209 2430 οὗ
1226 2357 1287 2454 γάρ

135 2467 229 2553 oiim
246 2466 330 2568 λέγει
348 2476 446 2545 πάντα
462 2475 503 2545 τδι
519 2475 611 2568 μέλη,
624 2474 709 2546 άλλδι
725 2471 809 2568 μάνον
825 2474 882 2555 τδις
898 2483 1005 2572 χεῖρας
1022 2472 1074 2546 καὶ
1090 2475 1159 2558 τοδς
1176 2475 1219 2547 πά
1221 2477 1283 2555 δας.

186 2597 260 2680 518.
292 2587 410 2672 *οὕτως
426 2590 640 2691 Ἀρίσταρχος,
659 2594 733 2663 κάκ’
752 2591 897 2686 άνσχεο.
1301 2617 1341 2657 20

186 2731 260 2799 522.
292 2705 337 2778 θτι
360 2704 394 2777 τδ
419 2711 531 2780 ἁπλοῦν
556 2707 638 2780 ἐστὶν
655 2707 731 2797 έζεν·
758 2709 852 2805 τούτῳ
873 2707 904 2779 δέ
930 2708 1074 2802 ἀνάλογον
1091 2705 1125 2779 τδ
1153 2708 1287 2780 σύνθετον

182 3034 207 3071 2.
222 3013 291 3072 Post
305 3014 359 3072 hoo
373 3015 508 3086 scholion,
521 3035 578 3092 quo
589 3015 691 3074 finitur
732 3018 777 3071 ἀνὰ
790 3017 811 3072 δ’
823 3017 930 3088 ἅνσχεο,
941 3017 1057 3088 ἀνάσχου
1068 3017 1108 3084 δὲ,
1117 3013 1193 3091 quod
1208 3011 1286 3070 haud

136 3095 241 3153 folium
257 3097 353 3170 318b,
370 3096 538 3154 exciderunt
549 3097 619 3154 solia
632 3098 690 3156 duo
732 3097 819 3156 dubie
842 3096 1025 3155 scribendum
1050 3095 1129 3153 οὕτως
1148 3096 1286 3168 Ἀρέστορ-

135 3188 161 3234 a(
165 3197 254 3234 manu
266 3177 431 3246 recentiore,
443 3178 558 3236 scholiis
569 3179 689 3250 omissis,
732 3204 779 3251 χοε
799 3181 846 3235 ἀνὰ
867 3182 895 3234 δὲ
917 3182 990 3252 σχέο,
1011 3180 1127 3251 ἀνάσχου
1150 3179 1187 3248 δὲ,
1208 3177 1288 3252 quod

135 3259 278 3335 suppleta,
308 3279 382 3336 quac
409 3279 508 3318 versus
540 3261 689 3318 continent
731 3259 930 3319 Herodianum
945 3279 1059 3336 quoque
1078 3259 1182 3334 legisse
1196 3278 1285 3316 anno-

135 3354 309 3414 405-504.
731 3343 804 3400 tatio
826 3341 888 3400 elus
910 3342 1003 3412 doceb,
1017 3345 1046 3397 τὸ
1062 3343 1128 3413 σχέο
1142 3343 1187 3411 τὴν
1201 3335 1290 3409 ὀξεῖαν

179 3440 207 3493 4.
228 3420 343 3480 Scholia
363 3442 499 3480 versuum
520 3427 687 3496 418—482
730 3423 802 3494 ἴσχει
817 3426 858 3497 ἐφ’
874 3427 965 3479 ἑαυτοῦ
985 3428 1034 3493 νῦν,
1051 3424 1111 3478 ὅταν
1124 3424 1210 3493 μέντοι
1224 3423 1288 3477 ἀπο·

135 3502 227 3561 51111101
255 3523 291 3561 ex
319 3503 415 3562 codiee
441 3504 550 3575 Ahh00,
574 3505 609 3564 (le
634 3526 691 3582 quo
731 3509 801 3575 λάβῃ
823 3507 868 3575 τὴν
887 3505 1020 3576 πρόθεσιν,
1036 3508 1065 3558 τὸ
1079 3508 1213 3572 τηνικαῦτα
1226 3504 1289 3583 ἀνα-Ι

135 3583 249 3642 dictum
264 3592 307 3642 est
321 3585 358 3642 ad
372 3586 427 3644 vol.
447 3605 459 3644 1
476 3607 504 3663 p.
523 3602 589 3660 215,
607 3601 652 3661 27.
732 3589 825 3658 πέμπει
845 3590 890 3641 τὸν
911 3590 991 3655 τόνον,
1007 3586 1128 3656 ἀνάσχεο,
1144 3602 1200 3658 quo
1220 3602 1287 3639 con-

181 3684 227 3724 20.
239 3664 319 3725 οὕτως
330 3667 508 3740 Ἀρίσταρχος,
519 3671 571 3724 κάκ’
581 3664 689 3747 ἄνσχεο]
733 3667 852 3726 vellitur
898 3665 1068 3724 scholiastae
1109 3663 1287 3722 Townleiani

137 3745 239 3820 Quum
258 3747 290 3806 id
310 3748 405 3824 ipsum
425 3744 456 3807 in
478 3757 562 3808 textu
586 3750 691 3808 codicis
734 3747 891 3819 annotatio,
915 3749 1088 3820 Ἀρίσταρχος
1113 3749 1153 3801 καὶ
1175 3746 1286 3817 Ἡρωδι-

136 3829 259 3905 legatur,
287 3830 437 3905 probabile
470 3837 514 3889 est
541 3831 611 3888 alios
638 3833 690 3887 κάκ’
734 3835 792 3888 avos
814 3832 861 3886 ἀνὰ
882 3830 904 3885 δ’
919 3829 1004 3901 ἴσχεο,
1022 3827 1077 3885 etsi
1097 3827 1151 3884 hoc
1173 3846 1286 3902 quoque

136 3911 215 3984 ἴσχεο
229 3909 340 3986 legisse,
356 3912 430 3988 quod
453 3912 637 3970 Duentzerus
655 3912 691 3970 de
734 3913 764 3969 in
779 3911 843 3968 aliis
865 3910 1010 3969 codicibus
1031 3908 1139 3985 legitur
1159 3916 1188 3965 et
1209 3908 1286 3983 apud

136 3991 244 4052 Zenod.
272 4012 300 4068 p.
329 3996 369 4052 60
398 3993 527 4053 coniecit.
580 3994 692 4052 Eadem
734 3992 921 4068 Hesychinm‚
938 3995 984 4048 ἀνὰ
1005 3992 1118 4063 δ’ἵσχεο
1142 3989 1196 4063 (sic
1219 3989 1284 4046 Mu-

137 4072 283 4132 dubitatio
306 4079 350 4133 cst
370 4075 405 4132 de
429 4095 475 4150 23,
498 4080 565 4150 587,
589 4075 638 4133 ubi
660 4077 691 4134 in
733 4094 816 4132 surus
830 4094 883 4149 pro
897 4075 1017 4146 ἀνίσχεο)
1032 4094 1037 4129 :
1054 4074 1218 4142 ἀνάσχονδέ.
1240 4071 1286 4127 Ex

138 4153 226 4213 initio
237 4175 336 4214 versus
350 4156 457 4233 legitur
466 4160 563 4230 ἄνσχεο
578 4164 629 4228 νῦν,
642 4158 692 4215 sed
732 4155 779 4213 his
814 4154 911 4231 colligi
944 4160 1041 4231 potest
1080 4151 1286 4211 Aristarchum

137 4235 169 4292 in
194 4236 324 4314 margine
348 4237 433 4296 inter.
455 4243 626 4297 annotatum
648 4244 691 4298 est
731 4236 867 4314 probasse
887 4239 935 4293 ἀνὰ
954 4239 982 4290 δὲ
1002 4239 1067 4308 σχέο
1088 4233 1218 4292 reiecisse
1238 4236 1286 4290 ἀνὰ

137 4320 166 4375 ἐν
186 4319 261 4393 ἄλλῳ
285 4318 369 4392 Ιι’σχεο.
413 4320 503 4378 Ρο110
529 4333 556 4395 7,
582 4341 639 4379 110
660 4321 690 4378 ln
732 4321 754 4376 δ’
769 4318 845 4391 ἴσχεο
866 4324 900 4376 ut
917 4319 991 4390 σχέο,
1007 4316 1162 4389 0011ἵσχεο,
1178 4320 1222 4373 est
1239 4335 1286 4387 21,

136 4402 222 4458 textu
243 4400 351 4477 legitur
364 4403 411 4458 ἀνὰ
426 4405 453 4458 δὲ
468 4405 541 4476 σχέο,
557 4410 691 4479 corrupte
734 4412 792 4476 379
804 4399 948 4473 Ἥφαιστε,
964 4400 1029 4471 σχέο
1043 4399 1129 4455 τέκνον
1142 4399 1274 4472 ἀγακλεές.

136 4501 207 4539 vero
235 4480 267 4538 in
295 4502 385 4559 marg.
412 4483 497 4543 inter.
522 4486 692 4559 Ἀρίσταρχος

180 4622 253 4667 VOL.
270 4625 306 4668 11.
702 4628 723 4672 U
