2954 4936
182 1026 475 1147 1111111111
512 1026 750 1134 coorors
787 1028 1007 1106 varari
1044 1035 1116 1103 454
1154 1029 1229 1130 (1).

178 1381 342 1450 1111111111
362 1381 551 1448 scholiorum
571 1385 726 1475 saepevel
744 1383 852 1449 addidi
872 1385 922 1448 vel
943 1391 979 1448 ut
1001 1384 1081 1449 ratio
1103 1383 1284 1468 postulabat

135 1485 258 1548 mutavi
283 1491 452 1568 praeeunte
477 1486 661 1572 plerumque
684 1487 839 1552 Bekkero.
892 1488 979 1551 Nam
1000 1488 1149 1551 lemmata
1170 1486 1285 1552 codicis
1331 1565 1335 1569 .

134 1586 274 1670 plurima
294 1586 340 1651 ita
363 1594 437 1652 sunt
459 1588 653 1663 conformata
675 1595 713 1653 ut
734 1589 836 1674 prima
855 1613 963 1654 versus
978 1590 1074 1654 verba
1094 1588 1286 1673 praescripta

136 1690 212 1768 sint,
227 1689 352 1754 etiamsi
367 1690 552 1756 scholiastae
566 1692 730 1757 annotatio
745 1715 810 1757 non
824 1693 864 1757 ad
878 1694 964 1772 haec,
977 1694 1032 1758 sed
1046 1695 1086 1757 ad
1100 1693 1163 1757 alia
1179 1714 1297 1777 versus

102 1858 104 1863 ,
134 1793 232 1856 verba
254 1799 417 1876 spectaret.
463 1794 629 1858 Lemmata
651 1796 767 1880 ubique
784 1795 849 1860 fere
869 1819 942 1860 cum
960 1801 1051 1860 textu
1075 1795 1191 1860 codicis
1212 1817 1286 1858 con·

135 1896 286 1975 sentiunt,
313 1897 474 1961 interdum
503 1904 611 1962 tamen
640 1899 744 1966 abeo
771 1899 936 1964 discedunt
962 1899 1017 1962 ubi
1040 1900 1191 1963 lemmata
1213 1921 1287 1962 oum

135 1999 262 2081 scholiis
276 2000 340 2064 suis
356 2023 394 2065 ex
409 2000 567 2065 codicibus
581 2003 773 2085 transcripta
790 2008 865 2066 sunt
879 2025 1013 2086 quorum
1033 2003 1068 2065 in
1087 2008 1180 2066 textu
1198 2001 1285 2064 aliud

136 2102 213 2188 quid
229 2103 394 2187 legebatur
408 2126 504 2188 quam
522 2104 557 2168 in
572 2109 663 2168 textu
681 2102 796 2169 codicis
811 2105 928 2168 Veneti
943 2104 1069 2188 legitur,
1086 2103 1169 2188 quod
1182 2103 1285 2167 mani-

135 2207 253 2270 festum
272 2207 310 2270 fit
331 2206 482 2289 exemplis
499 2207 588 2291 quale
610 2208 720 2272 notavi
736 2208 772 2271 in
786 2207 988 2272 annotatione
1009 2208 1051 2271 ad
1073 2226 1192 2290 1.,191.
1237 2206 1287 2269 De

135 2334 197 2397 quo
220 2316 258 2374 ut
273 2311 405 2375 lectores
426 2311 489 2395 ipsi
510 2312 646 2376 iudicare
668 2313 800 2398 possint,
816 2312 953 2377 indicem
974 2311 1160 2377 lemmatum
1181 2311 1287 2396 qualia

136 2415 172 2478 in
201 2415 305 2479 codice
326 2415 450 2478 Veneto
474 2415 628 2498 leguntur
653 2418 823 2480 secundum
851 2417 1043 2500 paginarum
1070 2416 1287 2500 linearumque

134 2518 230 2581 huius
255 2516 402 2581 editionis
425 2540 571 2585 numeros
593 2519 761 2602 composui
779 2519 884 2583 labore
908 2541 1003 2602 quam
1028 2518 1134 2582 fructu
1157 2517 1284 2582 maiore.

90 2608 101 2615 ’
133 2621 223 2685 Nam
237 2620 292 2684 ubi
306 2620 455 2685 lemmata
474 2621 665 2686 scholiorum
678 2623 718 2686 ab
732 2605 826 2686 textu
839 2621 956 2686 codicis
970 2622 1088 2686 Veneti
1102 2621 1281 2705 discrepant

91 2711 95 2717 ’
135 2725 192 2789 vix
220 2724 391 2809 quidquam
419 2725 571 2808 praebent
600 2724 685 2809 quod
707 2747 772 2790 non
798 2725 868 2789 aliis
894 2748 1016 2810 quoque
1040 2725 1095 2809 qui
1119 2729 1286 2810 supersunt

136 2828 295 2893 codicibus
319 2828 396 2891 satis
420 2827 462 2890 sit
488 2833 650 2893 testatum.
696 2828 864 2892 Lemmata
889 2828 1016 2892 scholiis
1041 2826 1286 2910 intermargina-

135 2932 224 2996 libus
233 2931 425 3015 praescripta
439 2929 489 2994 vel
504 2930 648 2995 Bekkero
668 2931 719 2995 vel
741 2932 823 2995 mihi
838 2931 1001 3010 debentur,
1017 2931 1124 3013 paucis
1146 2929 1285 3013 exceptis

135 3035 213 3101 locis
228 3035 328 3118 (velut
346 3053 374 3111 2,
389 3053 460 3101 122.
477 3033 711 3115 (παυροτέροισιτ
734 3036 845 3119 ὅτι-1
870 3034 984 3120 3,158.
1004 3055 1054 3113 11,
1065 3033 1138 3098 688.
1158 3046 1207 3116 15,
1220 3035 1286 3116 45),

138 3139 195 3204 ubi
216 3139 365 3202 lemmata
384 3137 420 3200 in
437 3137 543 3201 codice
557 3138 623 3222 legi
637 3139 755 3202 diserte
770 3138 879 3204 monui
895 3139 928 3201 in
942 3138 1155 3202 annotatione.
1200 3136 1287 3199 Nam

137 3242 256 3308 scholia
277 3240 552 3324 intermarginalia
573 3241 730 3304 lemmatis
751 3241 866 3325 ubique
884 3242 948 3305 fere
968 3247 1084 3319 carent,
1101 3263 1199 3325 quum
1213 3262 1286 3317 non,

139 3353 178 3410 ut
201 3367 291 3429 saepe
316 3342 515 3428 marginalia,
541 3342 668 3428 longius
698 3343 737 3407 ab
763 3349 853 3407 textu
879 3344 944 3407 sint
967 3349 1096 3421 remota,
1121 3342 1176 3406 sed
1199 3343 1289 3406 iuxta

138 3449 243 3526 verba,
259 3449 299 3512 ad
320 3470 398 3532 quae
422 3453 575 3530 spectant,
600 3449 715 3531 scripta
740 3447 825 3512 sint:
847 3448 886 3511 de
909 3468 971 3530 quo
993 3447 1071 3510 satis
1093 3447 1154 3509 erit
1179 3445 1231 3509 hic
1253 3445 1288 3508 in

139 3554 322 3618 universum
352 3551 519 3615 monuisse.
579 3551 723 3634 Iudicem
750 3551 852 3636 igitur
881 3550 1069 3641 lemmatum
1101 3548 1289 3613 scholiorum

139 3655 366 3740 marginalium
380 3653 463 3718 infra
477 3655 618 3738 positum
631 3654 678 3718 ita
692 3653 852 3738 composui
866 3663 904 3717 ut
918 3653 1148 3736 discrepantem
1163 3656 1289 3714 tantum

139 3761 180 3824 ab
198 3757 335 3823 editione
358 3779 427 3821 mea
450 3757 565 3821 codicis
587 3757 776 3841 scripturam
793 3762 944 3834 notarem,
962 3755 1142 3820 omitterem
1159 3775 1288 3819 consen-

140 3886 222 3942 sum,
238 3884 294 3927 nec
309 3861 458 3926 lemmata
473 3862 508 3926 in
522 3861 781 3927 annotationibus
796 3866 968 3926 memorata
981 3859 1033 3924 hic
1048 3857 1191 3944 repetivi.
