2954 4936
537 190 707 249 1A1AA02
739 191 772 251 τ.
804 187 887 267 (18)
1224 187 1284 249 175

183 367 256 436 507.
275 343 331 416 δύω
347 352 471 439 χρυσοῖο
489 339 639 440 τάλαντα]
656 340 720 430 ἤτοι
739 349 878 414 τοσοῦτον
895 338 1066 413 δικαστικδν
1080 339 1282 436 ὑπισχνοῦντο.

134 461 204 534 ἀλλ’
223 459 287 534 έπεδ
308 458 444 533 ἀτίθανύν
464 459 556 545 έστιν,
573 458 690 553 άμεινον
707 463 774 530 κατ’
792 458 886 530 αύτῶν
910 460 1077 556 κρινομένων
1100 466 1140 557 τῷ
1162 459 1283 551 φανέντι
1362 500 1366 506 ·

131 579 299 676 ψευδομένῳ
342 578 505 650 έπικλάσαι
548 575 596 648 δύο
631 579 769 648 τάλαντα
810 574 953 648 έπιδούναι
988 584 1031 674 τῷ
1064 575 1104 647 τδι
1143 574 1283 648 ι’θύντατα

132 695 253 770 είτύντι.

181 838 256 906 509.
283 812 339 885 δύω
368 809 513 911 στρατοί]
542 809 572 885 δν
601 814 780 911 στράτευμα
811 811 923 900 νοητέον
954 812 997 892 εἷς
1027 812 1075 884 δύο
1103 811 1314 911 διηρημένον5

131 928 286 1031 πολιορκία
306 930 365 1027 γάρ
383 928 417 1020 θην
434 925 485 1000 καὶ
503 929 536 1002 ον’
554 929 659 1012 πεδιδις
676 934 695 1020 ἡ
711 932 813 1024 μάχη.
849 925 868 1018 ἢ
891 927 939 1000 δύο
964 927 1112 1026 στρατοὺς
1131 926 1180 1000 τδν
1198 928 1226 1001 έν
1243 937 1282 1028 τῇ

130 1046 216 1121 πύλει
234 1045 286 1120 καὶ
304 1044 354 1118 τδν
372 1043 531 1118 ἔπελθάντα
548 1045 651 1134 φησίν.

180 1187 255 1258 510.
286 1162 361 1260 δίχα
387 1163 418 1236 δέ
447 1175 556 1255 σφισιν
583 1161 683 1252 ἥνδανε
707 1161 820 1262 βουλή]
855 1162 1052 1253 σημειοῦνταί
1076 1194 1153 1243 τινες
1184 1161 1227 1234 θ’τι
1255 1163 1284 1234 σι’

132 1281 425 1379 ἐπιστρατεύσαντες
453 1279 540 1352 πθλει
572 1278 628 1351 τινδ
663 1277 714 1352 καὶ
743 1280 825 1372 μετὰ
856 1279 982 1351 σπονδῶν
1010 1277 1279 1374 ἀπαλλασσύμενοι

131 1400 304 1493 ἐλάμβανον
336 1397 417 1496 παρδι
451 1408 506 1470 τῶν
535 1398 759 1492 πολεμουμένων
789 1393 822 1468 τδ
853 1395 950 1490 ἥμισυ
985 1406 1037 1467 τῶν
1069 1397 1097 1469 έν
1126 1407 1165 1496 τῇ
1194 1395 1278 1470 πύλει
1297 1423 1333 1463 10

130 1519 300 1610 κτημάτων.

181 1657 256 1726 512·
282 1641 388 1722 κτῆσιν
411 1629 498 1732 θσην]
525 1630 597 1730 πρδς
622 1631 659 1729 τδ,
682 1633 807 1731 ἀρχαῖον
831 1631 904 1720 έθος,
922 1633 966 1706 ύτι
994 1633 1022 1705 οἱ
1041 1631 1278 1728 πολιορκούμενοι

130 1749 297 1837 ἔξίστασαν
313 1749 383 1832 τοὺς
400 1748 560 1843 πολεμίους
578 1748 809 1846 έπιμεριζύμενοι
828 1750 869 1822 τὰ
886 1751 1040 1844 κτήματα.

179 1893 256 1961 513.
283 1866 341 1940 *οἵ
355 1866 393 1968 δ’]
412 1867 440 1940 οἷ
456 1866 540 1940 ένδον.

180 2008 253 2078 514.
285 1984 500 2083 Παρμενίσκος
527 1994 590 2065 τοίς
618 1986 685 2074 ἑξῆς
712 1987 855 2059 συνάπτει
884 1984 918 2058 τδ
950 1985 1189 2079 ἓφεσταάτες,
1217 1981 1279 2058 έπεδ
1297 2005 1333 2066 15

131 2103 354 2195 σολοικοφανὲς,
380 2098 471 2195 φησὶ,
498 2102 587 2174 τέκνα
612 2099 801 2192 έφεσταύτες
826 2101 878 2174 καὶ
903 2103 1019 2199 άλοχοι.
1051 2103 1077 2174 ει’
1103 2099 1135 2174 δέ
1161 2103 1189 2174 έν
1217 2111 1281 2182 τοῖς

130 2221 243 2301 τέκνοις
269 2217 331 2292 εἶσδ
361 2215 411 2290 καί
442 2217 568 2316 άρρενες,
597 2217 631 2290 τί
655 2221 759 2293 κωλύει
788 2219 858 2316 πρδς
887 2220 920 2293 τδ
950 2219 1162 2314 σημαινύμενον
1192 2218 1282 2292 αύτδν

129 2339 339 2427 ἀπηντηκέναι,
358 2338 396 2418 ὦς
421 2335 472 2408 καὶ
499 2335 543 2408 ἔπ’
562 2336 661 2408 ἄλλων
681 2337 789 2436 μυρίων
799 2370 812 2423 ;
839 2350 858 2380 “
869 2339 981 2432 νεφέλη
1007 2338 1038 2410 δέ
1062 2370 1114 2432 μιν
1140 2338 1282 2431 ἀμφιβέ-

129 2463 221 2544 βηκε,
238 2452 273 2527 τδ
298 2455 354 2546 μέν
371 2453 403 2526 ού
419 2452 484 2526 ποτ’
504 2453 616 2552 έρωεῖ”
637 2460 715 2543 (od.
737 2482 786 2542 12,
807 2463 870 2548 75.)
900 2466 921 2498 “
934 2464 1068 2549 νωμῆσαι
1085 2461 1157 2540 βῶν,
1177 2452 1216 2526 τύ
1228 2454 1286 2547 μοί

131 2569 240 2645 έστιν”
261 2570 316 2670 (Il.
336 2594 365 2662 7,
385 2569 475 2670 238.)
508 2567 599 2652 ούτως
615 2566 667 2642 καὶ
685 2571 780 2644 ἐνθάδε
799 2570 944 2652 έσταύτες
961 2571 1080 2652 παῖδες.
1297 2598 1335 2641 το

180 2712 256 2783 515.
284 2687 317 2761 τδ
343 2685 531 2782 έφεστοιθτες
556 2687 629 2783 πρδς
650 2687 684 2761 τδ
708 2689 817 2785 ἀνέρες.
846 2688 1002 2780 ἢδύναται
1024 2687 1233 2785 παραπλησιύν
1250 2721 1279 2760 τι

898 2807 908 2833 ἱ
962 2807 970 2833 5
1002 2804 1009 2831 δ

130 2815 172 2906 τῷ
188 2806 380 2905 Ἀλκμανικῷ
400 2804 566 2878 πεπονθέναι
586 2806 728 2903 σχήματι
755 2818 774 2847 “
786 2805 852 2879 ’ένθα
869 2838 925 2901 μεν
942 2837 985 2888 εις
1012 2806 1167 2903 Αχέροντα
1186 2814 1281 2903 Πυρι-

129 2923 283 3018 φλεγέθων
304 2956 337 2996 τε
363 2924 462 3022 ῥέουσι
482 2920 623 3004 Κύκντύς
640 2922 667 2994 θ’
680 2925 698 2952 ”
716 2925 794 3014 (Od.
809 2951 859 3012 10,
872 2929 964 3019 513).
1000 2934 1021 2964 “
1034 2924 1061 2996 ει’
1086 2924 1118 2996 δέ
1139 2923 1164 2996 κ’
1184 2920 1281 3021 ’Άρης

129 3039 247 3137 άρχωσι
260 3043 368 3139 μάχης
379 3044 397 3074 ”
416 3042 470 3135 (ΙΙ.
486 3068 537 3128 20,
554 3043 640 3135 138).
659 3040 793 3139 διαφέρει
817 3042 848 3113 δὲ
862 3049 913 3114 τοῦ
926 3036 1174 3142 Ἀλκμανικοῢ,ᾗ
1192 3040 1280 3114 έκεῖνο

128 3159 184 3252 μὲν
209 3168 272 3239 τοῖς
301 3157 370 3232 κατ’
395 3156 514 3258 ἀριθμδν
546 3159 707 3255 σχήμασιν
738 3158 907 3242 ὑποπίπτει,
939 3167 1025 3231 τοῦτο
1052 3159 1084 3231 δὲ
1110 3168 1173 3240 τοῖς
1199 3159 1280 3256 παρὰ
1296 3184 1333 3247 υ5

128 3276 222 3372 γένος,
241 3276 401 3375 ύτερβατῷ
419 3276 450 3348 δὲ
467 3273 628 3374 ἀμφύτερα
646 3275 761 3349 λύεται.

182 3391 290 3464 *κατδι
307 3400 399 3464 κοινοῦ
416 3388 451 3464 τδ
468 3392 567 3489 ῥύατο.

180 3533 252 3603 519.
289 3506 475 3609 ὑπολίζονες]
507 3513 820 3608 προπαροξυτονητέον·
850 3512 997 3610 πρύδηλον
1022 3513 1082 3584 κάκ
1107 3520 1159 3585 τού
1183 3545 1281 3608 παρα-

961 3633 970 3657 (
1077 3640 1092 3656 u

130 3627 265 3723 κειμένου
286 3626 436 3724 ούδετέρου
461 3628 572 3701 (θούδὲν
598 3625 692 3717 θλιζον
718 3628 848 3722 έξομεν,”
868 3628 931 3726 εἴγε
956 3662 1088 3723 ομοτονει
1112 3639 1176 3710 τοῖς
1200 3629 1279 3702 ούδε.

129 3746 225 3844 τέροις
241 3743 289 3818 ἀεὶ
306 3744 346 3816 τδι
367 3743 511 3841 ἀρσενικδι
532 3745 613 3818 κατδι
630 3746 664 3818 τδ
681 3745 769 3828 τέλος
786 3746 866 3819 κατδι
883 3748 936 3837 την
953 3747 1099 3846 ἡμετέραν
1117 3747 1279 3834 διάλεκτον,
1295 3778 1334 3837 30

129 3860 191 3943 ἓνδς
207 3863 407 3958 ἀντικειμένου
425 3871 476 3935 τού
495 3863 523 3936 έν
541 3862 590 3936 διδ
606 3861 641 3935 τδ
662 3866 706 3958 μὴ
725 3865 863 3937 δύνασθαι
889 3865 1112 3963 περισπωμένην
1130 3863 1178 3937 έπδ
1202 3874 1281 3962 βρα-

128 3979 219 4078 χείας
242 3975 326 4053 εθιαι.
362 3981 401 4051 τδι
424 3980 456 4053 δὲ
481 3980 719 4078 παραδείγματα
744 3981 859 4074 άφθονα
885 3981 933 4055 ε’τδ
958 3985 1060 4072 πάσης
1087 3985 1279 4072 καταληξεως

130 4097 261 4195 έχούσης
286 4096 590 4198 ταρασχηματισμθν
616 4100 775 4197 ούδετέρου,
795 4100 896 4195 μέλας
921 4101 1029 4193 μέλαν,
1052 4104 1152 4182 τάλας
1173 4101 1278 4183 τάλαν,

171 4416 199 4473 3.
219 4396 337 4454 ἶθύντατα
351 4394 435 4479 Vill.]
450 4400 540 4457 ἶθῦντα
766 4401 793 4458 8.
817 4393 918 4478 *τινετ]
936 4416 992 4456 om.

170 4481 198 4538 6.
218 4474 320 4560 πεδιὰς]
335 4482 422 4538 παιδια
768 4499 813 4557 29.
836 4481 926 4553 ἕξομεν
942 4483 988 4554 (ut
1002 4475 1103 4561 infra)]
1119 4481 1208 4553 ἕξομαι
