2954 4936
602 218 774 281 1A1AA02
804 220 828 282 1.
858 219 922 303 (9)

224 380 274 445 14.
295 365 378 447 μάλα
392 366 491 432 πολλά
505 390 566 433 om.
893 391 924 454 9.
947 377 999 439 καί
1013 401 1050 441 σε
1064 384 1209 443 τοσοῦτον

224 467 274 533 18.
297 469 401 534 ἐνθάδε
416 471 508 554 ἔρρων
874 495 924 562 13.
947 479 1028 560 ὄψον
1043 480 1136 561 ἀσαιμ

223 589 241 637 2
244 591 275 656 3.
298 571 406 652 ἄξομαι
872 597 924 662 29.
948 581 996 645 καὶ
1011 582 1068 663 γάρ
1086 608 1118 647 τε
1134 587 1224 650 Λιταί
1238 586 1296 650 εἶσι
1312 585 1385 653 Διὸς

222 687 274 755 27.
298 679 326 740 εί
352 675 418 741 τινά
448 703 505 742 που
536 685 665 743 Δαναῶν
691 679 734 743 ἔτι
957 690 1058 767 κοῦραι

332 780 454 845 ἔλπεται
593 856 598 865 ,
784 798 859 870 327.
871 803 924 868 29.
946 787 1053 869 ἄνδρας
1068 792 1100 854 δὲ
1115 791 1277 856 λίσσεσθαι

222 900 275 966 32.
297 883 459 964 ἐπιειμένος
474 905 536 950 0111.
871 908 923 974 31.
944 895 1001 954 τῶν
1010 892 1050 970 μη
1062 895 1101 956 σύ
1112 918 1148 975 γε
1158 898 1253 973 μῦθον
1263 893 1385 980 ἐλέγξῃς

132 1002 210 1070 320.
249 1005 277 1050 1.
301 987 334 1050 ἔκ
356 987 414 1068 γὰρ
429 987 465 1068 δή
482 986 511 1067 μ’
528 988 663 1066 ἀπάτησε
687 989 735 1053 καὶ
785 991 858 1076 328.
886 1011 924 1077 ,3.
948 997 1075 1074 δωρητοί
1088 1021 1120 1060 τε
1135 996 1262 1061 πέλοντο

328 1088 433 1169 ἤλιτον
893 1096 923 1160 6.
948 1094 987 1162 ὣς
1001 1097 1038 1176 ἣν

245 1189 274 1255 8.
298 1192 391 1274 ἔχθρδ
420 1191 452 1256 δέ
481 1219 531 1272 μοι
561 1199 613 1257 τοῦ
645 1198 733 1276 δῶρα,
872 1215 923 1283 23.
947 1201 1076 1264 Αίτωλοὶ
1093 1203 1149 1281 μὲν
1164 1203 1341 1282 ἀμυνόμενοι

330 1295 383 1359 τίω
399 1296 432 1359 δέ
445 1321 498 1375 μιν
513 1299 547 1360 έν
562 1299 650 1378 καρός
784 1317 859 1386 329.
874 1321 924 1387 13.
946 1301 1095 1383 μέμνημαι
1110 1305 1177 1368 τάδε
1192 1305 1280 1386 ἔργον

224 1408 275 1479 15.
297 1398 358 1462 οὔδ’
378 1401 406 1463 εί
424 1425 475 1478 μοι
496 1399 610 1466 δεκάκις
631 1425 664 1464 τε
687 1401 735 1464 καὶ
871 1423 923 1471 22.
944 1404 1078 1484 ἢλάθετ’
1094 1405 1112 1486 ἢ
1127 1408 1180 1471 οὐκ
1195 1409 1320 1487 ἔνόησεν

332 1503 477 1570 εἰκοσάκις
870 1525 922 1594 23.
945 1507 1042 1591 ὦρσεν
1056 1511 1108 1574 ἔπί

223 1620 275 1688 23.
300 1605 335 1667 αί
348 1604 376 1668 θ’
392 1609 590 1687 έκατόμπυλοι
870 1629 923 1693 29.Ι
946 1612 977 1679 δς
995 1614 1072 1678 κακὰ
1087 1613 1189 1678 πολλά

222 1702 275 1768 26.
298 1702 358 1768 οὐδ’
374 1707 463 1786 είμσι
478 1709 575 1770 τόσσα
589 1708 653 1785 δοίη
783 1733 858 1800 330.
893 1714 923 1780 8.
947 1717 1054 1780 ἀνθεσι
1068 1716 1174 1797 μήλων

221 1824 274 1890 3ο.
299 1807 406 1888 κούρην
424 1809 451 1873 δ’
469 1808 504 1873 οὐ
525 1808 626 1891 γαμέω
640 1807 734 1892 Ἀγα-
874 1838 923 1884 11.
947 1822 1059 1888 τόσσος
1073 1821 1124 1903 ἔην

328 1911 472 1990 μέμθθθθς
484 1910 639 1993 Ἀτρείδαο
874 1941 923 2008 13.
947 1924 1024 2006 ἀμφὶ
1039 1925 1110 1993 συδς
1126 1927 1244 2014 κεφαλῇ
1260 1927 1308 1991 καὶ
1323 1926 1385 2008 δέρ·

133 2029 209 2096 321.
248 2031 276 2077 1.
299 2014 382 2082 ὅστις
396 2016 428 2078 οί
440 2014 466 2078 τ’
481 2016 597 2080 ἐπέοικε
978 2053 1049 2106 „an

139 2182 146 2196 ,
242 2135 274 2194 4.
298 2118 394 2181 σόωσι
409 2118 471 2183 θεοὶ
493 2119 541 2183 καὶ
558 2117 649 2183 οἴκαδ’
666 2120 734 2183 ίκω-
871 2130 924 2197 31.
946 2111 1114 2193 Ἀλκυόνην
1134 2114 1299 2180 καλέεσκον

329 2246 384 2300 μαι
785 2232 859 2300 332.
872 2232 924 2300 23.
948 2217 1090 2282 Αίτωλῶν

223 2322 273 2387 16.
296 2321 428 2388 Lemma
443 2345 504 2390 om.
785 2337 861 2403 333.
897 2338 925 2383 1.
948 2322 1051 2383 πολλὰ
1067 2321 1100 2384 δὲ
1114 2321 1201 2385 τόνδε

222 2445 273 2492 21.
296 2429 407 2493 πολλοὶ
421 2427 573 2513 Ἀχαιίδες
595 2430 672 2494 εἰσὶν
691 2427 734 2494 ἀν’
874 2434 924 2504 17.
948 2422 995 2486 καὶ
1012 2424 1080 2488 τότε
1095 2422 1130 2502 δὴ
1145 2423 1323 2507 Μελέαγρον

328 2527 465 2595 Ἐλλάδα
479 2557 513 2597 τε
527 2532 624 2612 Φθίην
638 2558 671 2597 τε
872 2542 924 2591 21.
947 2525 1053 2607 ἀνδρας
1075 2528 1130 2607 μὲν
1151 2529 1308 2610 κτείνουσι,
1331 2530 1385 2595 πό·

132 2648 209 2717 322.
247 2650 275 2695 1.
300 2635 338 2696 τδ
352 2633 446 2715 γέρων
977 2636 1027 2694 λιν
1046 2630 1080 2694 δέ
1096 2655 1128 2694 τε
1142 2637 1200 2708 πΰρ
1215 2633 1357 2712 ἀμαθύνει

222 2750 273 2801 12.
296 2735 357 2800 οὐδ’
371 2737 430 2801 όσα
443 2736 545 2805 λάϊνος
691 2745 694 2750 ’
872 2748 925 2814 29.
948 2730 1042 2796 οὐκέθ’
1059 2734 1137 2812 ὁμῶς
1151 2737 1235 2815 τιμῆς
1250 2735 1335 2800 ἔσεαι

221 2851 274 2918 27.
300 2838 365 2903 ἐπεὶ
407 2841 444 2920 ἀρ
487 2865 538 2905 κεν
575 2842 736 2925 ἀμείψεται
785 2852 860 2920 334.
897 2854 925 2900 1.
949 2839 1033 2916 τιμῆς
1049 2836 1133 2902 ἔσεαι

330 2942 414 3023 ἔρκος
429 2945 558 3009 ὀδόντων
872 2957 924 3024 29.
947 2940 1016 3003 ίσόν
1052 2939 1117 3020 ἐμοὶ
1154 2944 1303 3021 βασίλευε
1338 2946 1386 3008 καὶ

222 3061 274 3126 29.
300 3045 421 3111 ἔσσεται
978 3042 1069 3123 ἥμισυ
1086 3046 1187 3125 μείρεο

134 3163 277 3232 32314.
298 3152 391 3227 μῦθον
406 3150 612 3231 ἀγασσάμενοι
785 3158 860 3231 335.
894 3165 925 3231 3.
948 3147 1029 3211 οὗτοι
1047 3146 1074 3210 δ’
1090 3148 1268 3231 ἀγγελέουσι

222 3268 274 3318 22.
298 3254 398 3331 μύθων
414 3277 447 3317 τε
460 3255 559 3336 ῥητῆρ’
575 3253 675 3334 ἔμεναι
874 3268 924 3313 10.
947 3251 979 3314 ἔκ
998 3252 1117 3329 κλισίης
1131 3253 1251 3317 νόστοιο

222 3355 275 3421 26.
298 3358 390 3437 γῆρας
435 3355 588 3435 ἀποξύσας
632 3354 736 3436 θήσειν
874 3369 925 3418 12.
947 3352 1041 3432 νηλής

330 3459 400 3524 νέον
413 3459 552 3538 ἡβάοντα
875 3454 924 3519 18.
947 3458 1017 3534 οίης,
1036 3456 1089 3520 νῦν
1104 3457 1137 3520 δέ
1150 3483 1196 3521 τοι
1211 3459 1286 3522 ἔπτά

222 3559 275 3627 28.
298 3562 362 3626 οἵου
400 3563 451 3626 ὅτε
489 3567 605 3644 πρῶτον
645 3562 736 3626 λίπον
786 3557 861 3644 336.
898 3578 926 3622 1.
950 3558 988 3626 ὣς
1003 3557 1102 3641 ἔφαθ’,
1118 3562 1147 3624 οἱ
1162 3563 1194 3624 δὲ
1208 3561 1333 3628 ἔκαστος

328 3662 466 3730 Ἐλλάδα
481 3665 697 3747 καλλιγύναικα
893 3673 924 3744 5.
947 3663 1126 3730 σπείσαντες
1140 3665 1219 3744 παρά
1233 3667 1305 3743 νῆας
1316 3667 1386 3730 ἴσον

221 3785 274 3852 31.
298 3767 419 3849 φεύγων
433 3767 531 3832 νείκεα
976 3763 1077 3843 πάλιν,
1093 3763 1159 3849 ἦρχ’
1174 3764 1341 3834 Ὀδυσσεύς
1450 3830 1453 3838 .

133 3886 209 3957 324.
240 3868 271 3937 8.
295 3871 329 3938 ὅς
345 3895 395 3952 μοι
416 3871 736 3955 παλλακίδοςπεριχό·
786 3880 861 3954 337.
898 3880 926 3948 7.
950 3867 1052 3934 ὅππως
1067 3892 1116 3932 κεν
1131 3867 1201 3947 νῆάς
1215 3894 1247 3933 τε
1262 3870 1335 3948 σόης

332 3999 407 4038 σατο
873 3989 926 4037 20.
949 3970 989 4036 δς
1005 3969 1101 4052 ἔφατ’,
1119 3971 1177 4034 είσὶ
1193 3971 1239 4035 καὶ
1254 3973 1316 4036 οίδε

134 4089 209 4164 325.
224 4078 275 4141 16.
294 4082 353 4159 πῦρ
368 4080 468 4158 ἕτερον
481 4079 538 4157 μὲν
548 4075 597 4141 ὑπ’
610 4078 735 4163 αἰθούσῃ
874 4091 926 4160 23.
950 4073 1081 4139 Lemma
1096 4094 1158 4138 om.

221 4198 275 4266 23.
298 4181 375 4246 ἀλλο
391 4178 416 4243 δ’
432 4182 476 4245 ένὶ
489 4182 627 4266 προδόμῳ
875 4178 926 4245 26.
950 4179 990 4246 θς
1005 4179 1090 4260 ἔφατ’

222 4300 275 4365 29.
298 4282 337 4348 δι’
355 4282 504 4352 Ἑλλάδος
520 4284 692 4368 εὐρυχόροιο
787 4281 862 4368 338.
896 4294 927 4364 5.
951 4280 1154 4363 ἀγασσάμενοι

135 4386 209 4474 326.
247 4406 275 4451 1.
300 4385 394 4467 καίμ’
410 4384 534 4470 ἔφίλησ’
873 4403 923 4463 14.
945 4385 1033 4466 μνρία
1062 4388 1139 4468 δῶρα
1176 4385 1281 4465 διδοὺς,
1313 4385 1329 4449 δ
1359 4383 1386 4448 δ’

244 4510 274 4575 3.
297 4495 414 4571 μοῦνον,
432 4491 593 4572 τηλύγετον
980 4485 1096 4570 ἀγήνωρ
