2954 4936
507 232 678 294 ικιΑΔου
709 233 750 312 ιι,
780 229 866 312 (16)
1198 227 1259 288 105

105 402 307 476 ἀπολούεσθαι
331 401 462 496 ἀνάγκην
483 400 615 495 έχουσιν.
635 399 763 495 Ἄνδρων
784 400 815 472 δὲ
837 399 865 470 έν
882 395 1029 495 ἱστορίαις
1049 393 1144 490 φησίν
1168 393 1259 481 ούτως

105 528 262 608 κληθῆναι,
296 516 360 590 ε’πεδ
393 516 596 611 φιλοπόλεμοι
627 515 709 597 ύντες
735 514 825 598 ούτως
853 515 975 596 ἑαυτοὺς
1001 513 1258 613 έσκληραγύγουν.

103 635 302 734 Ἀλέξανδρος
319 635 351 707 δέ
368 646 464 726 φησιν
481 636 495 707 ὃ
512 633 702 732 Πλευρώνιος
714 633 790 714 ’ἔθνος
804 630 876 706 εἶναι
891 632 960 714 τούς
971 632 1104 714 Ἑλλοδς
1121 631 1261 728 ἀπύγονον

105 762 270 852 Τυρρηνῶν,
288 748 341 824 καθ
359 751 408 823 διδι
424 759 557 850 πατρῷον
574 751 637 832 έθος
655 749 728 825 ούτω
745 748 795 823 τδν
812 749 877 821 Δία
894 749 1070 848 θρησκεύειν.

159 879 234 963 256.
260 873 279 960 ἡ
313 869 416 958 διπλῆ,
447 866 492 940 ῶτι
523 868 555 940 ου’
585 869 825 966 προσυνέσταται
860 865 927 962 περὶ
957 876 1010 956 τῆς
1045 875 1100 938 τῶν
1128 863 1293 962 Ἀχαιῶν5

105 987 266 1068 κακῶσεως
296 982 465 1083 εύχύμενος,
493 985 557 1058 οὐδὲ
591 985 657 1056 κατ’
689 985 780 1080 εύχδην
809 981 983 1075 τετίμηται,
1010 983 1096 1054 ἀλλὰ
1125 982 1174 1054 διδι
1203 985 1260 1064 πῶς

674 1099 861 1131 tx„
1128 1099 1250 1128 λ’]

38 1111 41 1114 ’
105 1114 163 1194 τῆς
192 1104 319 1184 Θέτιδος
349 1104 447 1184 λιτάς.
485 1100 527 1174 διδ
558 1103 713 1191 ἀθετητεον
738 1134 786 1175 τον
812 1104 880 1190 έξης
906 1100 1071 1188 τίμησας
1096 1131 1160 1194 μεν
1185 1123 1259 1192 εμε·

105 1229 270 1302 καθολικῶς
290 1221 350 1316 γδιρ
373 1220 469 1317 λέγει,
486 1217 537 1292 καὶ
560 1219 613 1292 ούκ
635 1221 678 1302 εἷς
701 1220 905 1315 ἀφωρισμένον
928 1217 1069 1315 ἀναφέρει
1094 1215 1191 1315 καιρῶν
1211 1214 1261 1288 τδν

106 1349 163 1428 τῆς
179 1338 312 1430 μήνιδος.

159 1479 231 1550 257.
258 1457 395 1546 τιμήσας
424 1456 479 1550 μὲν
509 1452 578 1552 ἔμεΊ
607 1457 622 1526 o‘
648 1455 704 1549 μέν
733 1453 844 1538 ἀβελδς
870 1451 942 1552 πρδς
972 1453 1024 1542 την
1054 1452 1260 1550 προειρημένην
1278 1481 1314 1520 ιο

105 1575 257 1663 ἀθέτησιν,
280 1576 295 1645 o‘
320 1572 352 1645 δὲ
377 1571 568 1672 ἀστερίσκος,
595 1571 640 1645 θ’τι
668 1572 702 1644 ἔκ
723 1581 779 1662 πῶς
805 1580 856 1643 τοῶ
882 1571 1005 1668 Χρύσου
1031 1570 1125 1667 εύχῆς
1150 1573 1204 1665 (Il.
1232 1599 1260 1656 1,

105 1693 193 1784 454)ι
203 1691 422 1784 μετενήνεκται.

160 1833 234 1900 239.
261 1804 338 1879 *ὅτι
355 1815 437 1894 νηῶν
453 1805 565 1902 ἀγῶνι
583 1812 625 1904 τῷ
640 1804 821 1901 ἀθροίσματι
841 1803 891 1876 καὶ
910 1807 1096 1901 ναυστάθμῳ.

160 1950 233 2016 245.
260 1920 439 2020 ἐπίστηται]
463 1927 482 2013 ἦ
503 1922 603 2010 διπλῶ,
625 1919 670 1993 θ’τι
697 1920 860 2011 Ζηνύδοτος
885 1925 998 2018 γράφει
1026 1922 1258 1996 ἐπιστέαται.

106 2043 212 2134 ἀγνοεῖ
225 2039 257 2114 δέ
274 2039 319 2113 ῶτι
337 2041 379 2112 τδι
397 2042 529 2112 τοιαῦτα
540 2039 664 2136 ῥήματα
680 2043 864 2128 πληθυντικά
881 2040 960 2124 ε’στι,
978 2039 1029 2111 καὶ
1050 2048 1096 2111 νῶν
1117 2041 1260 2136 ἀνάλογον
1277 2065 1313 2127 15

107 2159 166 2243 έξει
192 2157 226 2230 τδ
255 2157 433 2230 ε’πιστέατοιι
460 2164 502 2255 τῷ
528 2155 716 2243 ε’πίστανται,
744 2156 812 2252 άπερ
844 2156 876 2229 ού
906 2167 1069 2250 συμφωνεῖ.
1105 2159 1188 2230 ἔστιν
1215 2154 1261 2229 σύν

107 2273 173 2346 ἀντὶ
190 2284 242 2348 ποῶ
261 2273 440 2359 έπίσταται,
457 2271 508 2345 καί
524 2271 728 2368 μετείληπται
747 2271 781 2345 τδ
799 2276 820 2344 α
837 2274 881 2355 εἷς
897 2271 930 2346 τδ
949 2306 979 2359 η.

159 2418 232 2485 245.
261 2391 408 2487 *βαρέως
424 2388 458 2462 τδ
477 2389 513 2463 ίω
530 2395 613 2490 ῥῆμα
631 2389 828 2474 δισύλλαβον·
856 2390 946 2485 ὅγδιρ
964 2389 1019 2487 πέρ
1038 2391 1211 2484 σύνδεσμος.

160 2517 232 2597 248.
259 2505 392 2606 τεύχεσί
404 2540 439 2580 τε
457 2506 510 2578 σδν
527 2504 619 2605 πᾶσι]
637 2506 717 2578 κατδι
733 2510 895 2601 παράθεσιν
912 2507 1075 2601 ἐδεξάμεθα
1092 2507 1188 2580 ε’νθάδε
1206 2509 1260 2597 τδην

109 2626 172 2698 σύν
197 2623 333 2724 πράθεσιν
358 2625 408 2697 διδι
429 2625 483 2713 την
504 2625 666 2712 διαστολὴν
687 2625 740 2710 την
764 2622 836 2722 πρδς
861 2623 930 2704 τοδς
956 2623 1098 2720 ἓταίρονς.
1125 2622 1168 2697 διδ
1189 2658 1259 2723 προ·
1274 2661 1313 2700 20

107 2754 294 2837 περισπῶται
324 2741 358 2814 τδ
388 2753 477 2827 πᾶσι,
504 2741 557 2813 σδν
583 2741 708 2836 τεύχεσι
735 2751 814 2813 πᾶσι
845 2737 896 2813 καὶ
922 2751 985 2820 τοῖς
1016 2739 1153 2836 ἑταίροις.
1190 2742 1257 2815 έστι

107 2861 208 2954 μέντοι
235 2856 287 2932 καί
314 2856 446 2931 σύνθετύν
469 2890 553 2942 ποτε,
572 2857 623 2929 καὶ
648 2857 736 2956 τρίτη
758 2855 816 2929 ἀπδ
838 2859 944 2940 τέλους
965 2857 1052 2932 έσται
1070 2863 1089 2950 ἧ
1107 2860 1188 2943 θξεῖα
1207 2860 1258 2930 ἀπ’

108 2976 222 3058 εύθείας
247 2985 303 3065 τῆς
329 2974 504 3070 σύμπαντες
529 2971 581 3047 καί
606 2974 779 3064 αἰτιατικῆς
805 2985 860 3064 τῆς
887 2976 1075 3070 σύμπαντας·
1112 2985 1205 3057 “roff
1231 2975 1256 3047 δ’
1331 2979 1335 2986 ’

107 3091 171 3166 ούτι
205 3094 343 3182 δυνήσεαι
377 3090 574 3190 ἀχνύμενος·”
612 3089 664 3164 καί
698 3088 788 3189 ούτως
822 3091 988 3189 ἀνεγνύσθη
1022 3091 1056 3166 τδ
1087 3102 1107 3134 “
1117 3093 1258 3185 σύμπασι

94 3209 278 3303 ΙΠνλίοισι”
308 3216 386 3300 (Οᾶ.
414 3237 445 3303 3,
473 3217 541 3302 59).
571 3207 622 3280 καί
648 3209 734 3298 δῆλον
760 3208 805 3280 θτι
833 3210 930 3282 ε’νθάδε
954 3211 1009 3305 μέν
1034 3215 1053 3301 ἡ
1078 3212 1184 3306 γραφη
1210 3211 1259 3282 διδι
1274 3228 1311 3289 25

106 3337 159 3402 τοῶ
175 3336 202 3420 μ
220 3326 298 3415 ἐστὶ,
317 3325 382 3401 έπεδ
408 3327 489 3400 κατδι
513 3327 655 3413 σύνθεσιν,
675 3326 703 3400 έν
729 3326 759 3399 δέ
785 3335 826 3426 τῷ
847 3338 868 3369 “
877 3327 1007 3424 τεύχεσί
1027 3361 1062 3400 τε
1085 3327 1134 3412 ξδν
1155 3339 1232 3400 πᾶσι
1241 3327 1258 3353 ”

106 3444 238 3540 φυλάξει
253 3442 290 3518 ’τδ
309 3450 323 3515 ν
339 3448 449 3534 έαυτῆς
464 3448 483 3535 ἦ
500 3441 639 3540 πράθεσις
657 3443 706 3516 διδι
722 3444 776 3533 τὴν
792 3447 964 3541 παράθεσιν.

149 3561 233 3656 252.
260 3561 381 3659 *διχῶς
398 3564 564 3658 γράφεται,
584 3557 635 3631 καὶ
654 3558 734 3633 σάου
751 3559 802 3634 καί
821 3562 915 3634 σάον.

159 3703 233 3772 254.
259 3677 381 3761 θούτως
397 3679 554 3767 ἀπέθηκε
571 3677 620 3750 διδι
637 3686 689 3750 ποῶ
704 3684 738 3751 α.

160 3807 232 3872 260.
261 3794 402 3896 εἰνοδίοις]
426 3796 471 3868 θτι
497 3798 550 3883 την
575 3794 667 3884 αύτδην
693 3795 818 3868 διάνοιαν
844 3796 908 3894 ’έχει
934 3803 976 3895 τῷ
1002 3797 1081 3885 έξῆς,
1100 3792 1151 3867 καί
1179 3795 1259 3892 ύγιέ-
1273 3823 1313 3880 30

108 3947 212 4009 στερον
229 3913 353 4014 εἴρηται.

160 4041 232 4106 261.
258 4029 318 4104 αιέδ
343 4025 563 4128 κερτομέοντες]
588 4029 749 4116 ἀθετεῒται,
776 4028 820 4102 άτι
847 4027 881 4101 τδ
907 4040 1060 4128 κερτομεῖν
1085 4030 1117 4102 ού
1143 4029 1260 4120 τίθησιν

150 4270 179 4325 8.
201 4269 238 4326 εἶτ
250 4267 363 4326 addidit
377 4266 523 4326 Lehrsius.
707 4265 837 4325 lemmati
851 4267 947 4324 εἴσεται
962 4271 1009 4341 ἣρω
1022 4269 1063 4324 καὶ
1076 4264 1130 4325 οἶος

153 4369 199 4408 10.
221 4349 369 4409 Praefixus
395 4358 440 4408 est
467 4348 566 4408 obelus
599 4367 667 4406 cum
751 4368 797 4407 το.
812 4348 1076 4423 ἑταίρους-ἑταίροις
1090 4343 1194 4430 Bekk.]
1207 4350 1260 4406 ἑτέ-

106 4430 255 4491 asterisco.
707 4433 904 4507 ρους-ἑτέροις
1025 4483 1027 4487 ,

155 4533 203 4586 14.
227 4511 314 4591 Diple
327 4515 524 4590 περιεστιγμένη
539 4511 669 4591 praefixa
751 4532 798 4588 32.
819 4513 858 4570 ὅτι
872 4511 986 4573 addidit
1000 4513 1133 4575 Cobetus.
