2954 4936
134 203 176 270 ων
531 205 703 266 ιιιιοον
734 205 774 266 N.
806 202 869 284 (13
879 203 890 286 )

187 386 258 456 799.
286 359 485 433 διασταλτέον
511 355 618 455 βραχδ
644 354 900 454 φαληριόωντα
929 353 980 430 καὶ
1005 355 1118 430 άλλοι·
1151 355 1291 428 στικτέον

137 480 169 553 δέ
185 478 301 576 αὖτδιρ
319 475 367 550 ἔπ’
382 476 491 549 άλλα.

189 605 262 690 803.
289 592 344 693 πρθ
361 591 436 692 έθεν]
461 591 567 688 ὁμοίως
583 600 625 692 τῷ
646 589 705 665 άπδ
724 591 784 666 έθεν
802 595 858 686 (Il.
877 600 907 676 6,
927 595 983 687 62)
1001 591 1203 688 ἀναγνωστέον
1220 588 1289 663 κατ’

138 711 219 810 θρθην
235 712 337 785 τάσιν.
370 707 540 809 προείρηται
559 708 590 781 δὲ
607 704 675 804 περί
691 718 747 798 τῆς
763 705 957 809 άντωνυμίας.

189 836 262 903 808.
289 825 334 900 θτι
361 823 521 916 Ζηνοδοτος
547 824 714 927 ὖποτάσσει
742 837 762 868 “
773 824 840 914 λίην
864 827 924 922 γάρ
951 835 1010 916 σφι
1036 835 1131 897 πᾶσιν
1156 823 1319 922 έκέκριτοε

139 947 246 1045 θάρσεϊ
260 943 393 1045 πολλῷ.”
420 951 504 1016 τοῦτο
522 943 554 1015 δέ
572 939 620 1015 έπδ
637 951 692 1014 τῶν
709 943 900 1041 προκειμένων
918 942 1071 1031 δηλοῦται.
1105 938 1158 1014 καί
1174 944 1189 1014 o‘
1206 941 1291 1040 Ἀρί-

138 1095 273 1160 σταρχος
302 1060 370 1161 περὶ
397 1068 449 1134 τοῦ
481 1056 593 1156 στίχου
627 1056 718 1140 οθτως
748 1061 832 1156 λέγει
864 1059 907 1166 θρι
941 1060 970 1132 έν
996 1067 1059 1151 τοῖς
1090 1058 1290 1148 Ζηνοδοτείοις

138 1179 272 1275 έφέρετο.

188 1305 264 1389 809.
289 1290 463 1384 βιβάσθων]
480 1291 644 1393 Τυραννίων
661 1304 806 1393 περισπᾷ,
820 1295 878 1392 οθχ
896 1295 995 1392 ὑγιῶς·
1021 1297 1036 1367 o‘
1053 1294 1112 1391 γάρ
1129 1295 1289 1393 χαρακτὴρ

61 1417 66 1421 ’
137 1421 265 1511 βαρεῖαν
287 1417 378 1486 τάσιν
400 1414 534 1500 άταιτεῖ,
560 1411 622 1485 είτε
647 1409 706 1483 άπδ
726 1421 779 1485 τοῦ
805 1420 890 1498 βιβῶ
916 1413 1039 1499 βιβάθω
1063 1411 1220 1508 γενομένου
1237 1418 1289 1483 τοῦ
1306 1436 1340 1478 10

136 1531 281 1629 ῥήματος,
299 1532 589 1624 περιπλεονάσαντος
604 1537 655 1602 τοῦ
674 1527 710 1618 α’,
728 1526 767 1610 θς
783 1541 863 1621 φησι
881 1527 1052 1616 Φιλθξενος,
1071 1524 1132 1601 είτε
1149 1524 1209 1599 οἷπδ
1229 1526 1290 1600 σ’νθ-

135 1655 304 1742 ματοςτοῦ
327 1644 487 1733 βιβαστάς
504 1648 663 1733 βιβάσθων
680 1647 718 1728 ὧς
735 1645 841 1728 άϊστθς
859 1643 977 1718 άίσθων·
1006 1640 1122 1741 γίνεται
1144 1647 1205 1742 γάρ
1222 1676 1290 1716 τινα

135 1761 193 1836 άπδ
211 1772 265 1835 τῶν
283 1763 326 1844 εἷς
351 1766 405 1843 fo}
429 1763 510 1836 κατδι
534 1763 713 1859 μεταβολὴν
729 1771 782 1836 τοῦ
807 1762 913 1845 τέλους
934 1764 976 1845 εἷς
999 1763 1038 1836 θω
1062 1762 1222 1862 βαρθτονον
1238 1763 1290 1860 ρ’ἦ·

135 1913 233 1975 ματα,
262 1877 383 1979 έγερτάς
408 1879 525 1977 ε’γέρθω,
552 1877 669 1978 έρεκτθς
696 1879 813 1978 έρέχθω,
840 1876 947 1961 άϊστθς
972 1878 1091 1953 άίσθων·
1120 1875 1209 1960 οθτως
1236 1877 1290 1951 καὶ

135 1997 218 2095 παρά
235 1995 269 2070 τδ
286 1996 446 2084 βιβαστθς
463 1999 632 2084 βιβάσθων.
662 1997 861 2096 παραιτητέον
878 1999 909 2071 δὲ
926 1995 977 2069 καί
995 1996 1065 2079 τοδς
1082 1995 1288 2082 α’ξιίνοντας·θς
1305 2023 1341 2082 15

136 2112 267 2212 δεθτερον
284 2112 433 2209 άάριστον.

186 2241 261 2304 810.
290 2229 515 2330 *Ἀρίσταρχος
536 2230 659 2312 αθτως·
685 2231 775 2304 άλλοι
795 2231 826 2304 δέ
847 2229 968 2313 οὕτως.

186 2357 260 2424 820.
287 2344 362 2421 *371
381 2345 516 2422 ἐλλείπει
533 2353 552 2439 ἡ
570 2349 631 2436 διά,
648 2348 699 2421 διδι
716 2346 827 2421 πεδίου.

187 2472 260 2554 824.
287 2462 429 2563 βουγάϊε]
446 2465 498 2553 τὴν
514 2474 571 2562 γῆν
588 2463 764 2560 έργαζομενε
780 2472 851 2553 βοῒι,
870 2462 920 2538 διά
936 2462 970 2537 τδ
988 2461 1161 2554 δυσκίνητον
1173 2461 1226 2536 καί
1242 2465 1288 2560 μὴ

135 2580 280 2679 δρομικδν,
303 2582 341 2663 ὧς
357 2579 540 2676 Ἀχιλλεὺς,
560 2579 612 2653 καί
636 2583 721 2678 μέγα
741 2589 794 2654 τοῖν
817 2579 967 2677 σθματος.
1001 2580 1021 2672 ἢ
1045 2579 1093 2655 ε’τὶ
1113 2589 1154 2681 τῇ
1175 2579 1286 2654 οἷσπίδι
1302 2616 1342 2656 νο

133 2697 234 2794 γαίων,
253 2695 268 2770 θ
290 2697 357 2770 έστι
374 2707 510 2794 γαυριῶυ.
543 2699 571 2770 οἱ
592 2697 624 2770 δὲ
649 2700 814 2786 βουκάϊε,
838 2695 854 2770 θ
877 2699 960 2771 ἔστιν
979 2699 1101 2795 άγρυῖκε
1125 2705 1192 2784 βοῦ.
1228 2699 1289 2771 Νί-

133 2816 254 2911 κανδρος
280 2815 312 2886 δέ
337 2826 433 2907 φησιν
458 2814 503 2887 θτι
530 2825 737 2911 Δουλιχιῶται
763 2811 817 2888 καί
841 2818 954 2910 Σάμιοι
980 2815 1050 2898 τοδς
1077 2815 1228 2897 έσθίοντας
1253 2814 1288 2888 τδ

133 2933 229 3027 γάλα,
248 2931 340 3025 μηδὲν
358 2931 389 3003 δὲ
406 2929 580 3027 ίσχιίοντας,
597 2930 761 3028 βονγαίους
778 2940 932 3005 καλοῦσιν.

184 3044 349 3135 Ζηνθδοτος
366 3049 522 3143 βουγῆϊι
540 3045 590 3120 διά
603 3057 655 3120 τοῦ
671 3051 703 3138 ἠ’
725 3049 786 3122 θδέ
799 3047 1005 3147 Ἀρίσταρχος
1023 3046 1073 3121 διά
1086 3058 1138 3122 τοῖν
1154 3047 1186 3136 α,
1202 3051 1288 3147 τάχα

69 3205 71 3212 ·
134 3159 198 3235 έπεί
215 3162 308 3259 γαίων
326 3164 364 3244 ὦς
382 3160 430 3236 έπί
448 3162 482 3236 τδ
499 3175 643 3238 πλείστου
661 3169 676 3239 o'
692 3166 818 3256 ποιητὴς
834 3167 931 3263 λέγει.
1302 3199 1341 3259 25

185 3289 258 3373 830.
286 3279 492 3374 *σημείωσαι
510 3279 560 3354 τδν
575 3282 666 3381 χοάα.

185 3404 256 3490 832.
286 3395 385 3496 *έπί]
411 3398 439 3471 έν
456 3397 540 3497 άλλρ
556 3400 639 3498 παρά
655 3397 766 3492 νηυσίν.

183 3514 376 3609 Παράκειται
402 3517 442 3587 τά
457 3514 661 3615 Ἀριστονίκου
691 3526 807 3612 σημεῖα
832 3515 884 3590 καί
909 3516 950 3588 τδι
976 3517 1113 3612 Διδιίμου
1137 3516 1206 3616 περί
1231 3530 1287 3611 τῆς

130 3628 364 3729 Ἀρισταρχείου
386 3631 571 3728 διορθάσεως,
597 3634 664 3705 τινὰ
689 3632 721 3705 δέ
744 3629 796 3706 καί
819 3633 852 3706 ἔκ
877 3643 934 3724 τῆς
958 3632 1094 3725 Ἰλιακῆς
1118 3636 1286 3736 προσῳδίας

128 3746 309 3846 Ἡρωδιανοῦ
325 3744 378 3820 καί
395 3747 432 3820 έκ
448 3757 502 3821 τῶν
519 3751 682 3848 Νικάνορος
698 3746 766 3848 περὶ
786 3760 935 3848 στιγμῆς.
1300 3794 1342 3850 30

171 4064 199 4123 5.
221 4053 359 4123 Ζηνόδοτος
371 4049 537 4133 Bekkerus]
554 4054 663 4114 σύνοδοι
724 4060 790 4114 tum
804 4053 875 4114 alibi
889 4075 948 4114 non
962 4055 1082 4116 lectum.

175 4150 220 4193 11.
243 4131 504 4215 περιπλεονάσαντοτ]
534 4134 682 4214 Composi·
748 4135 813 4198 Ἰ26.
836 4137 994 4218 σημείωσυι]
1012 4163 1047 4210 ση
