2954 4936
137 196 201 258 σου
550 157 720 265 ικικαον
751 207 788 267 κ.
820 204 883 286 (1)

188 353 257 418 162.
281 349 383 441 φέπι]
402 354 576 435 ἀναστροφή

183 453 333 544 ἐμόγησα]
351 456 561 536 ἐκακοπάθησα
575 445 720 538 (ἐκακοπά
734 460 777 540 Α)

189 560 228 623 16
230 577 261 643 5,
284 555 459 648 πολυάϊκος]
475 564 589 628 πολλδις
604 563 695 642 άρμδς
710 562 833 645 ἔχοντος

187 664 259 725 166.
283 660 430 751 διέπουσ’]
448 663 588 728 διοικοῦσ’

183 765 309 849 δασμὸς]
329 768 469 847 μερισμὸς
485 774 542 831 τῶν
556 769 699 850 λαφύρων
713 770 850 846 δηλονότι
1309 784 1326 842 5

187 872 259 950 167.
284 871 342 952 ἐγὼ
358 868 381 933 δ’
399 873 502 952 ὀλίγον
516 896 549 935 τε
564 875 658 953 φίλον
674 867 722 960 τε]
741 871 805 950 ἐμοὶ
821 870 984 953 ἐλάχιστον
999 870 1118 953 ἔρχεται
1141 871 1189 935 καὶ
1208 877 1296 935 τοῦτο

140 974 309 1055 προσφιλές
322 974 448 1055 ἡγοῦμαι

186 1077 258 1141 168.
282 1078 351 1140 ἐπεί
363 1103 394 1140 κε
411 1076 492 1156 κάμω
507 1073 692 1166 πολεμίζων]
709 1078 757 1141 καὶ
771 1081 864 1141 ταῦτα
878 1078 955 1141 ἐπάν
971 1075 1104 1141 κοπιάσω
1120 1085 1261 1159 πολεμῶν

187 1186 258 1263 169.
283 1177 358 1268 εἶμι]
374 1183 533 1261 πορεύομαι

173 1268 224 1364 ’17
229 1300 258 1364 3.
282 1278 386 1371 θυμὸς]
404 1284 488 1366 ψυχὴ
618 1279 797 1371 ἐπέσσυται]
815 1284 943 1364 ἐφίεται,
958 1284 1096 1364 ἐπιθυμεῖ

186 1401 258 1468 174.
282 1381 440 1474 λίσσομαι]
457 1393 618 1469 παρακαλῶ

187 1493 257 1571 176.
280 1485 453 1576 βασιλήων]
469 1488 531 1556 Ἰάς
665 1489 734 1573 178.
758 1485 808 1577 τό]
825 1496 912 1554 τοὺτο

187 1594 257 1657 182.
282 1595 320 1660 ὡς
336 1592 382 1673 ἔμ’
398 1589 585 1680 ἀφαιρεῖται]
602 1594 640 1660 ὡς
655 1590 722 1673 παρ’
740 1595 811 1673 ἐμοῦ
827 1593 977 1674 λαμβάνει

186 1698 257 1761 186.
281 1693 407 1784 στυγέῃ]
425 1698 601 1793 ειίλοβηθῇν

185 1800 258 1880 187.
280 1799 349 1863 ἶσον
361 1802 423 1877 ἐμοὶ
439 1795 572 1888 φάσθαι]
586 1796 621 1877 ἐξ
633 1801 701 1876 ἴσης
714 1799 777 1878 ἐμοὶ
792 1797 893 1881 λέγειν

184 1898 289 1989 ἄντην]
307 1904 338 1981 ἐξ
353 1904 484 1969 ἐναντίας

186 2006 258 2091 189.
282 2005 417 2088 διάνδιχα
431 2002 622 2093 μερμήριξεν]
640 2011 727 2089 διχῶς
743 2004 916 2085 ἐνεθυμήθη,
934 2006 1139 2084 ἐβουλεύσατο

186 2129 258 2193 190.
281 2109 300 2189 ή
315 2105 384 2196 ὅγε]
401 2111 473 2191 ὑπερ
492 2111 577 2176 οὗτος
711 2130 782 2194 191.
807 2106 947 2198 ἐναρίζοι]
965 2109 1068 2174 ἀνέλοι

188 2231 258 2296 192.
281 2207 444 2300 ἐρητύσειε]
462 2215 581 2296 ἐπίσχοι
598 2215 720 2301 (ἐπισχῇ
736 2215 776 2290 A,
794 2215 904 2300 ἐπίσχῃ
919 2215 967 2277 ed.
981 2212 1089 2295 Rom.)

186 2336 258 2401 193.
281 2312 314 2403 ὑ]
331 2317 415 2382 οὗτος
546 2313 686 2404 ὥρμαινε]
704 2322 845 2382 διενοεῖτο

186 2442 224 2505 19
227 2435 257 2503 5.
282 2421 337 2499 πρὸ
353 2423 409 2502 γδρ
423 2416 490 2507 ήκε]
508 2419 702 2504 προέπεμψεν

186 2526 257 2608 198.
280 2519 487 2612 οίιρ-άρᾶτο]
497 2527 588 2604 μόνος
602 2527 660 2605 γὰρ
679 2523 764 2590 αὐτὸς
778 2524 831 2588 τὸν
848 2526 957 2588 οίκεῖον
972 2524 1096 2603 δαίμονα
1115 2523 1163 2586 καὶ
1182 2523 1238 2602 τήν
1258 2525 1291 2587 ἐν

51 2625 58 2634 ’
140 2629 215 2714 αὑτῷ
231 2629 376 2709 φρόνησιν
391 2628 467 2708 ἐώρα
1034 2714 1037 2719 ¹

185 2752 255 2815 199.
279 2733 354 2811 μετὰ
369 2734 394 2793 δ’
410 2727 557 2818 ἐτράπετ’]
575 2730 621 2794 καὶ
636 2731 836 2811 περιεστράφη
930 2750 1003 2798 201.
1020 2729 1054 2794 τδ
1069 2726 1147 2818 ὤν’]
1165 2731 1258 2796 ὧνων.

183 2854 256 2899 202.
281 2829 372 2922 τίπτ’]
390 2833 525 2915 συγκοπή
655 2831 851 2922 εἰλήλουθας]
862 2832 972 2899 Ἰάνων
1303 2861 1335 2922 ²5

183 2956 257 3019 203.
280 2934 381 3026 ὕβριν]
400 2943 453 3002 νῦν
468 2938 520 3002 τδν
534 2939 629 3019 φόνον
643 2936 660 3015 ἢ
676 2938 728 3017 τὴν
739 2939 944 3019 ὑπερηφανίαν

182 3062 256 3121 204.
279 3041 313 3105 τὸ
328 3039 375 3131 δὲ]
393 3043 457 3106 ἀντὶ
471 3049 523 3106 τοῦ
538 3043 611 3122 ὅπερ
626 3040 661 3121 δή

182 3161 255 3229 205.
278 3143 312 3234 ᾗς
326 3141 539 3233 ὑπεροπλίῃσι]
555 3150 619 3211 ταῖς
638 3147 724 3211 ἰδίαις
739 3145 955 3226 ὑπερηφανίαις

182 3247 264 3337 τάχ’]
284 3249 396 3332 ταχέως

183 3370 256 3416 210.
279 3350 363 3439 λῆγ’]
381 3352 475 3416 παύου

181 3474 255 3540 213.
280 3457 326 3518 καὶ
341 3454 414 3518 ποτέ
430 3452 491 3542 τοι]
509 3455 761 3535 προαναφύνησες

181 3560 242 3640 τρὶς
256 3555 366 3645 τόσσα]
383 3558 527 3625 πολλάκις
542 3563 673 3623 τοσαῦτα

181 3680 255 3743 214.
278 3659 395 3750 ὕβριος]
412 3661 472 3728 Ἰάς
602 3656 705 3749 ἴσχεο]
723 3660 817 3724 παύου

181 3769 254 3832 216.
277 3761 349 3853 χρή]
367 3763 469 3847 πρέπει
600 3761 783 3852 σφωίτερον]
799 3764 940 3845 ὑμέτερον

180 3866 370 3956 είρύσασθαι]
388 3868 518 3950 φυλάξαι

180 3973 254 4041 218.
276 3971 359 4052 μάλα
374 3972 398 4036 τ’
415 3970 537 4062 ἔκλυον]
554 3971 647 4038 πλέον
663 3973 859 4037 ἐπακούουσιν

180 4097 253 4162 219.
278 4078 358 4163 κώπη
374 4074 479 4166 σχέθε]
497 4079 578 4158 λαβῇ
596 4075 728 4159 ἐπέσχεν

179 4195 252 4242 220.
276 4173 338 4264 ἂψ]
355 4175 447 4240 πάλιν
462 4179 504 4243 εἷς
518 4176 551 4240 τὸ
567 4178 662 4240 ὀπίσω
682 4168 820 4259 (είάπίσω
835 4174 877 4257 Α)

66 4317 68 4321 -
178 4276 254 4369 ὦσε]
271 4280 398 4358 ὤθησεν,
414 4280 564 4360 ἐνέβαλεν

179 4399 252 4470 222.
274 4379 363 4472 μετδ]
392 4386 438 4447 ὅτι
464 4383 529 4448 ἀντὶ
553 4388 605 4446 τοὺ
633 4376 683 4462 (άν
697 4384 740 4464 Α)
764 4381 822 4445 ἐπί.
874 4379 934 4442 Est
955 4400 1018 4443 non
1042 4378 1213 4463 glossema,
1238 4379 1339 4467 sed40

131 4485 257 4551 notatio
275 4485 457 4550 Aristonici.
