2954 4936
135 215 199 278 298
360 212 661 276 GLOSSEMATA
692 213 1070 279 INTERLINEARIA

133 390 174 430 au
190 367 315 431 scholiis
329 367 652 451 intermarginaiibus,
669 390 803 452 quorum
825 367 888 432 alia
902 373 951 433 est
965 368 1066 452 origo.
1112 367 1167 430 Sic
1178 381 1209 449 5,
1230 385 1290 449 199

133 471 229 535 verbo
245 475 424 551 ἐμβεβαῶτα
447 471 693 555 superscriptum
715 477 764 535 est
785 472 942 555 glossema
966 472 1166 551 ἐμβεβηκότα,
1182 469 1293 532 addito

134 573 268 659 Didymi
290 573 451 638 notatione
474 577 564 642 οὕτως
581 573 788 658 Ἀρίσταρχος,
805 597 884 659 quae
907 576 947 637 ad
969 575 1127 638 diversam
1151 578 1292 657 spectare

132 676 260 741 videtur
285 678 473 760 scripturam
505 680 687 757 ε’μμεμαῶτα,
711 698 790 761 quae
812 677 845 741 in
867 677 975 761 paucis
991 683 1096 741 exstat
1118 675 1290 741 codicibus,

136 787 185 865 18,
202 809 245 873 34
260 811 354 872 supro
369 788 547 868 ἆποτμήξειε
570 789 725 873 scriptum
741 786 778 853 οὗ
793 766 863 867 (qu
887 791 976 872 (οὕτω
1000 791 1190 867 Ζηνόδοτος).
1238 788 1289 851 Ib.
1304 795 1320 855 5

133 915 194 983 501
220 901 326 983 (supra
348 900 481 983 ἑλέσθαι)
505 904 583 981 παρὰ
606 903 761 987 Ζηνοδότιρ
784 882 869 984 (ζηνέ
890 900 1000 983 codex)
1024 900 1158 982 ἀρέσθαι.
1175 921 1207 984 9,
1226 901 1289 986 633

132 1009 308 1082 redimeres
330 1006 376 1068 διὰ
398 1008 450 1066 τοῦ
465 1006 486 1084 η
500 1006 531 1068 αἱ
544 1002 752 1087 Ἀριστάρχου.
798 1025 828 1084 9,
841 1003 882 1089 38
899 1003 1077 1090 διῃρημένος
1090 1003 1291 1085 Ἀρίσταρχος

133 1107 286 1187 ὀτρυνέεις.
335 1127 364 1190 9,
382 1106 444 1170 282
462 1106 658 1190 Ἀρίσταρχος
680 1106 714 1170 τὸ
736 1112 885 1190 φονεῦσαι
907 1107 960 1170 τὸν
977 1105 1119 1188 Ἕκτορα.
1166 1106 1289 1170 Eadem

132 1209 264 1273 aliarum
279 1208 458 1272 huiusmodi
473 1208 716 1273 annotationum
731 1208 812 1272 ratio
823 1214 872 1273 cst
884 1231 964 1292 quae
978 1230 1042 1272 non
1053 1208 1163 1272 addito
1177 1231 1287 1293 gram·

132 1312 241 1377 matioi
255 1311 382 1376 nomine
396 1312 500 1375 textui
517 1311 634 1397 passim
657 1313 884 1396 superscriptae
907 1318 982 1376 sunt
1004 1311 1043 1375 ab
1066 1315 1112 1376 ὅτι
1128 1312 1180 1377 vel
1196 1316 1288 1381 οὕτως
1304 1337 1338 1378 ιο

131 1415 328 1500 incipientes,
345 1437 423 1500 quae
438 1416 557 1499 partim
571 1414 744 1479 Aristonici
766 1415 885 1500 purtim
908 1415 1040 1500 Didymi
1062 1420 1157 1479 sunt:
1181 1416 1289 1481 cuius·

132 1519 218 1585 modi
232 1520 451 1584 annotationes
466 1542 530 1584 non
544 1518 629 1583 iuter
643 1519 846 1605 glossemata,
858 1521 912 1586 sed
926 1520 1009 1586 inter
1024 1520 1145 1585 scholia
1159 1521 1264 1606 posui.
