2954 4936
152 228 217 292 326
551 236 721 296 ιΛιιΔον
751 237 788 296 λ.
817 233 904 315 (11)

197 383 270 464 169.
293 381 579 473 λύθρῳ-ἀάπτους]
603 392 644 472 τῷ
667 388 701 449 έκ
720 385 818 469 μάχης
839 387 1010 466 μολόσματι
1035 383 1243 469 συνισταμένην
1269 379 1304 445 δι’

151 488 196 569 (ἐξ
211 484 362 569 Cobetus)
379 489 497 568 ίδριῖπος
511 490 560 552 καὶ
575 489 682 556 κόνεως
696 489 744 552 καὶ
759 491 881 568 αἵματος

197 603 268 670 170.
293 587 408 678 φηγόν]
424 590 478 670 τὴν
492 596 563 673 δρῦν
692 588 805 680 ἵκοντο]
822 595 851 656 οἱ
864 597 964 672 Τμῶες
979 594 1117 672 δηλονότι

197 707 269 774 174.
292 693 376 780 τῇδέ
390 698 415 756 τ’
431 691 476 782 ίῆ]
492 696 546 779 μνῆ
562 695 595 760 δέ
608 719 666 760 τινι
681 695 777 760 αάτιῖν

197 796 268 877 176.
291 794 459 886 λαφύσσει]
475 801 550 878 μετά
565 805 697 879 σκαλμοῦ
714 800 808 864 έσθίει
956 814 1028 879 177.
1051 795 1163 886 ἔφεπε]
1180 799 1306 861 κατόπιν
1321 795 1338 856 5

154 900 255 962 έδίωκε

196 1001 268 1083 178.
288 1003 340 1067 τάν
354 1001 532 1092 ὀπίστατον]
557 1006 608 1069 τάν
626 1005 756 1090 ἔσχατον
888 1019 960 1087 179.
984 1000 1117 1092 πρηνεῖς]
1141 1005 1190 1069 ἐπὶ
1210 1006 1305 1085 πρόσ-

150 1129 231 1169 ωπον

196 1208 267 1273 180.
291 1211 358 1290 περὶ
371 1212 429 1292 πρὸ
444 1209 516 1300 γὰρ]
534 1212 599 1276 ἀντὶ
613 1217 666 1276 τοῦ
680 1217 829 1294 περισσῶς
844 1207 967 1295 (περισά
980 1213 1023 1293 Α)

196 1312 267 1398 183.
290 1312 470 1403 πιδηέσσης]
487 1316 629 1396 καθόδρου
761 1314 832 1397 189.
855 1311 998 1402 ἀνώχθω]
1015 1313 1161 1378 κελευέτω
1322 1313 1357 1354 ¹⁰

195 1434 266 1497 191.
289 1414 405 1504 τυπείς]
428 1421 553 1498 βληθείς
684 1436 756 1500 192.
779 1421 820 1485 είς
841 1420 947 1485 ἵππους
966 1414 1084 1505 ἅλεται]
1109 1421 1152 1483 εῖς
1173 1417 1209 1480 τὸ
1227 1417 1306 1498 άρμα

149 1519 259 1605 ἀνέλθῃ

195 1641 267 1708 193.
292 1622 491 1712 ἐϋσσέλμους]
510 1626 657 1692 εὗκώπους

195 1738 266 1807 195.
289 1725 468 1815 ποδήνεμος]
488 1731 539 1807 ἴση
557 1728 675 1807 ἀνέμοις
694 1731 767 1791 κατὰ
785 1727 818 1790 τὸ
832 1726 925 1812 τάχος
1045 1745 1118 1792 201.
1142 1724 1221 1814 τείν]
1243 1727 1302 1804 σοὶ,

150 1834 289 1909 Δωρικῶς
1321 1825 1352 1884 ¹5

192 1950 265 2011 214.
289 1932 505 2023 ἐλελίχθησαν]
523 1935 773 2017 συνεστράφησαν
883 1937 955 2002 216.
980 1931 1121 2022 ἀρτύνθη]
1137 1933 1304 2014 ῆτοιμάσθη

192 2054 265 2122 223.
292 2035 419 2126 Κισσῆς]
437 2038 572 2106 Κισσέως
587 2038 717 2122 θυγάτηρ

192 2157 265 2218 224.
289 2139 496 2229 μητροπάτωρ]
513 2144 596 2222 ὁτῆς
610 2141 717 2224 μητρὸς
732 2142 827 2224 πατήρ

192 2256 264 2324 225.
289 2245 366 2307 ἵκετο
379 2242 501 2332 μέτρον]
518 2246 648 2326 ἠνδρώθη
782 2245 855 2311 226.
879 2245 1025 2327 θυγατέρα
1046 2241 1100 2331 ἥν]
1123 2244 1178 2322 τὴν
1198 2241 1302 2308 Ἱππο-

147 2344 268 2424 δάμειαν
687 2401 690 2405 .

191 2466 264 2530 229.
288 2448 444 2537 Περκώτῃ]
461 2453 547 2518 πόλις
678 2451 750 2537 236.
776 2449 835 2515 οὐδ’
854 2448 952 2539 ἔτορε]
969 2451 1035 2513 οὐδὲ
1050 2449 1173 2531 διέκοψε

191 2567 264 2637 237.
288 2550 448 2642 ἀντομένη]
464 2554 662 2634 ἀπαντήσασα
782 2550 932 2640 ἐτράπετ’]
950 2556 991 2618 εἰς
1005 2553 1136 2616 τούπίσω
1152 2552 1301 2632 ἀνετράπη

191 2673 263 2733 242.
287 2654 416 2745 οἰκτράς]
433 2661 530 2722 οἴκτου
546 2659 593 2721 καὶ
608 2658 694 2721 ἐλέου
709 2658 790 2736 ἀξιος
809 2657 904 2740 (ἀξιον
918 2657 961 2738 A)

189 2758 340 2848 ἀστοῖσιν]
357 2768 417 2828 τοῖς
433 2764 517 2828 ἰδίοις
533 2763 665 2828 πολίταις
790 2780 863 2846 243.
886 2758 936 2848 ῆς]
952 2758 1022 2839 παρ’
1038 2759 1073 2838 ῆς
1196 2755 1299 2845 χάριν]

108 2863 314 2926 ιάπολαυσιν
1316 2853 1331 2891 ²

188 2977 263 3044 245.
286 2964 416 3055 ἄσπετα]
434 2969 705 3050 ἀπαρακολούθητα,
723 2969 823 3032 πολλά

189 3068 262 3146 248.
287 3068 476 3158 ἀριδείκετος]
493 3072 569 3136 πάνυ
585 3070 704 3150 ἔνδοξος

189 3183 262 3252 251.
287 3170 388 3260 εὐράξ]
407 3177 438 3236 ἐκ
454 3177 581 3256 πλαγίου
725 3187 798 3260 253.
822 3171 938 3260 διέσχε]
956 3176 1090 3251 διεξῆλθε

189 3287 262 3356 257.
286 3274 429 3365 ὄπατρον]
447 3281 624 3358 όμόπατρον,
640 3276 775 3360 συγκοπῆ

106 3393 109 3410 ’
188 3377 261 3458 258.
285 3377 444 3468 καῖάότει]
462 3382 509 3444 καὶ
525 3382 625 3444 έκάλει
1313 3371 1350 3428 3⁰

186 3482 258 3548 261.
281 3479 402 3571 τοῖσδ’]
422 3484 553 3547 τοιούτου
568 3484 602 3547 δέ
733 3482 807 3549 266.
831 3479 988 3570 ἀνήνοθεν]
1006 3480 1166 3562 ἀνεφέρετο

185 3585 259 3666 267.
283 3582 434 3672 ἐτέρσετο]
451 3584 617 3666 έξηραίνετο
750 3583 823 3651 268.
847 3582 956 3672 ὀξεῖαι]
974 3590 1110 3664 δριμεῖαι,
1128 3587 1264 3666 σφοδραί

186 3703 258 3770 270.
281 3684 423 3776 προϊεῖσι]
446 3689 654 3770 προπέμπουσι
823 3685 1018 3774 μογοστόκοι]
1043 3689 1074 3750 αἱ
1095 3689 1164 3754 τοὺς
1185 3690 1297 3770 μάγους

141 3793 384 3875 έπικουφίζουσαι
400 3793 609 3874 (ἐπικουφίζων
624 3793 669 3872 A)

184 3890 363 3981 Εἰλείθυιαι]
381 3894 444 3957 θεαὶ
460 3899 519 3957 τῶν
537 3900 696 3958 τικτουσῶν
712 3895 816 3976 ἔφοροι
1313 3879 1348 3942 35

184 4011 257 4078 272.
282 3993 384 4083 δῦνον]
400 3999 581 4074 ὑπεισῆλθον
712 4011 786 4079 274.
809 3994 933 4084 ἤχθετο]
951 4000 1098 4076 ἐλυπεῖτο,
1115 3999 1256 4079 έβαρεῖτο

183 4113 254 4181 275.
279 4094 468 4186 διαπρύσιον]
485 4102 710 4179 διαπορεόσιμον
840 4097 992 4187 γεγωνώς]
1010 4103 1288 4181 παρακελευόμενος

184 4202 256 4269 280.
280 4198 403 4288 ἵμασεν]
428 4200 585 4282 έμάστιξεν
716 4203 790 4269 281.
813 4207 883 4281 νῆας
905 4204 954 4266 ἐπὶ
975 4199 1146 4289 γλαφυράς]
1173 4204 1222 4268 ἐπὶ
1244 4208 1297 4270 τάς

1320 2339 1355 2378 20

60 4318 76 4349 ·
139 4307 244 4373 κοίλας

183 4408 254 4475 282.
279 4404 407 4494 ἄφρεον]
424 4408 522 4487 ἵδρουν
652 4405 804 4496 ῥαίνοντο]
822 4411 1040 4489 ἐκονιορτοῦντο
1310 4411 1347 4467 40

182 4512 253 4578 288.
278 4507 417 4597 ὤριστος]
442 4510 568 4589 ἀριστος,
590 4512 709 4592 ἰσχυρός
842 4531 914 4596 293.
939 4512 1086 4598 ἀγροτέρῳ
1111 4510 1176 4600 συί]
1202 4516 1295 4598 ἀγρίῳ

133 4617 227 4703 κόνι»
