2954 4936
130 192 195 256 ουν
530 194 702 255 ικικοον
734 194 770 254 κ.
802 190 887 272 (10)

175 346 249 413 262.
272 347 353 427 ῥινοῦ
368 343 509 434 ποιητήν]
525 348 558 411 ἐκ
574 345 714 429 δέρματος
729 350 886 428 γεγονυῖαν

175 449 249 528 264.
272 446 392 538 θαμέες]
409 452 516 514 πυκναί
645 450 719 530 265.
742 444 847 537 πῖλος]
862 447 896 512 τδ
910 445 1113 526 πεπιλημένον
1128 445 1210 528 ἔριον
1325 502 1329 506 .

176 552 250 618 266.
275 550 436 642 Ἐλεῶνος]
452 554 541 620 πόλις
672 553 746 634 267.
771 547 957 639 Αὐτόλυκος]
973 553 990 614 ὁ
1004 548 1118 631 Ἑρμοῦ
1134 551 1198 617 υἱός

174 652 312 743 πυκινόν]
331 659 454 740 ἰσχυρόν
584 651 795 742 ἀντιτορήσας]
812 652 958 735 διορύξας,
975 652 1135 735 διατρήσας

176 756 251 822 268.
276 755 430 846 Κυθηρίῳ]
445 760 533 824 πόλις
665 771 738 838 271.
762 752 911 845 τπίκασεν]
929 756 1098 820 ἐσκέπασεν
1300 768 1315 828 5

176 873 251 945 273.
277 857 356 949 κατ’]
373 858 440 941 παρΙ
573 873 646 941 274.
672 856 809 947 ἐρωδιδν]
827 858 902 925 εῖδος
918 858 1021 940 ἀρνίον

177 962 251 1029 280.
277 959 442 1051 κινύμενος]
461 965 639 1043 κινούμενος,
654 965 703 1028 ἐπὶ
721 962 827 1043 πρᾶξιν
842 964 941 1045 όρμῦν

177 1065 250 1132 281.
273 1063 381 1154 πάλιν]
398 1070 439 1133 εἰς
456 1067 587 1131 τούπίσω
719 1065 759 1132 28
761 1078 792 1147 5.
816 1068 904 1130 σπεῖό
917 1061 984 1153 μοι]
1001 1064 1264 1144 συνακολούθησον

176 1168 250 1250 287.
273 1167 419 1259 Ἀσωπῷ]
435 1172 523 1237 πόλις
538 1171 681 1237 Βοιωτίας

177 1271 251 1337 288.
275 1270 482 1361 Καδμείοισιν]
499 1279 560 1340 τοῖς
576 1275 727 1352 Θηβαίοις
1303 1287 1333 1326 ¹0

178 1395 251 1460 290.
275 1373 473 1464 πρόφρασσα]
490 1379 642 1458 πρόφρων,
660 1376 812 1457 προθύμως

178 1497 252 1562 292.
276 1477 355 1567 ἦνιν]
372 1481 526 1544 ἐνιαυσίαν
656 1498 731 1564 304.
756 1476 872 1567 ἀρκιος]
890 1478 1034 1558 αὐτάρκης

177 1596 251 1667 307.
277 1583 345 1646 σῖτ’
361 1579 454 1671 αὐτῷ]
472 1582 519 1646 καὶ
534 1581 620 1649 αιἰτδς
636 1584 730 1666 ἐαυτῷ

177 1705 251 1770 311.
274 1683 364 1768 φύξιν
378 1681 576 1773 βουλεύουσι]
593 1684 772 1767 προσφνγήν
788 1683 965 1749 σκέπτονται

116 1835 118 1839 -
178 1807 253 1873 312.
278 1785 431 1876 ἀδηκότες]
449 1787 607 1868 κάμνοντες
1303 1794 1333 1854 ¹5

178 1909 252 1976 324.
277 1890 335 1954 ἀπὸ
351 1887 454 1978 δόξης]
470 1891 529 1955 δπδ
544 1890 691 1970 δοκήσεως
706 1890 755 1954 καὶ
770 1893 912 1970 εῖκασμοῦ

178 1995 251 2080 326.
275 1991 453 2081 μέλλουσιν]
471 1995 536 2057 ἀντὶ
551 1998 602 2056 τοῦ
617 1994 732 2058 ἐοίκασι
799 2012 873 2078 331.
893 1988 1066 2079 διαμπερές]
1082 1990 1171 2073 μέχρι
1186 1988 1288 2055 τέλους

178 2116 252 2183 332.
275 2095 428 2185 ὀρόθυνεν]
444 2095 610 2179 προέτρεφε
705 2116 779 2182 334.
803 2102 921 2161 πολιοῖο
937 2091 1057 2182 λύκοιο]
1074 2098 1183 2160 λευκοῦ
1197 2093 1289 2157 λύκου

179 2200 253 2286 346.
275 2197 499 2288 παραφθαίησι]
516 2199 699 2282 παραδράμοι

178 2317 253 2389 347.
276 2299 471 2391 προτιειλεῖν]
488 2304 630 2384 σύγκλειε
761 2302 836 2388 348.
860 2299 972 2390 ἀλύξῃ]
988 2303 1104 2387 ἐκφύγῃ

179 2419 253 2493 350.
278 2403 450 2494 κλινθήτην]
467 2407 639 2488 ἐκρύβησαν
769 2402 965 2493 ἀφραδίῃσιν]
983 2405 1097 2470 ἀνοίαις

164 2523 251 2596 351.
276 2507 361 2597 οὖρα]
379 2511 452 2589 όρια,
470 2509 622 2590 ὁρμήματα

180 2635 199 2699 3
201 2627 254 2697 57.
279 2608 465 2700 δονρηνεκές]
483 2614 603 2692 δόρατος
618 2612 718 2692 βολήν
732 2610 750 2691 ή
764 2617 856 2692 μῆκος

180 2716 253 2802 358.
279 2712 393 2804 ἐνώμα]
410 2717 500 2779 ἐκίνει
517 2715 638 2797 (ἐκείνοι
652 2716 695 2800 Α)
711 2715 783 2796 πρδς
799 2715 898 2797 φυγήν

180 2821 254 2906 361.
280 2816 396 2906 κεμάδ’]
415 2819 529 2901 ἔλαφον
661 2819 733 2904 362.
753 2816 903 2906 μεμηκώς]
920 2821 1131 2901 φθεγγόμενος
1301 2831 1332 2890 25

180 2925 254 3008 364.
278 2919 415 3010 ἐμμενές]
434 2923 579 2998 ἐπιμόνως
659 2914 661 2918 ’

180 3039 254 3112 375.
277 3021 472 3112 βαμβαίνων]
489 3024 602 3104 τρέμων
733 3021 862 3112 άραβος]
879 3024 950 3108 ἦχος
965 3029 1023 3086 τῶν
1039 3024 1171 3086 ὀδόντων

180 3130 254 3214 376.
277 3129 348 3192 ῦπαῖ
363 3125 472 3215 δείους]
489 3127 545 3192 ὑπὸ
560 3130 668 3210 φόβον,

181 3231 255 3317 378.
280 3229 425 3319 ζωγρεῖτ’]
441 3238 533 3308 ζῶντα
549 3229 725 3312 φυλάσσετε

181 3335 254 3420 383.
280 3332 468 3422 καταθύμιος]
486 3337 561 3398 κατδ
576 3339 649 3398 νοῦν

181 3437 254 3523 388.
279 3435 519 3525 διασκοπιᾶσθαι]
537 3441 761 3516 κατασκοπῆσαι

181 3561 253 3626 391.
276 3544 368 3621 παρὲκ
384 3543 455 3604 νόον
469 3537 599 3628 ἤγαγεν]
617 3538 811 3622 παρηπάτησε
826 3538 878 3603 τὸν
893 3544 964 3603 νοῦν

180 3664 254 3730 394.
278 3644 350 3722 θοὴν
366 3647 412 3707 διδ
427 3641 530 3732 νύκτα]
549 3643 603 3723 τὴν
618 3643 732 3726 ταχέως
748 3641 1019 3723 ἐπιλαμβάνουσαν
1033 3641 1089 3722 τὴν
1102 3645 1162 3723 γῆν

180 3768 253 3833 399.
279 3744 431 3834 ἀδηκότες]
450 3747 508 3810 ἀπὸ
526 3752 577 3810 τοῦ
593 3747 665 3825 ἀδην
681 3747 728 3810 καὶ
742 3746 834 3825 ἡδέως

179 3871 253 3929 401.
277 3847 447 3937 ἐπεμαίετο]
466 3849 606 3927 ἐπεζήτει,
624 3851 762 3929 ἐπεθύμει
1300 3857 1331 3920 35

179 3974 254 4032 402.
279 3949 443 4040 ἀλεγεινοὶ]
461 3955 603 4032 ἀλγειναὶ,
620 3957 776 4034 δυστυχεῖς
789 3949 863 4032 πρδς
878 3948 911 4012 τὸ
927 3949 1093 4030 κτήσασθαι
1108 3951 1248 4016 ἀδύνατοι

177 4077 252 4141 403.
276 4052 433 4142 ὀχέεσθαι]
450 4057 638 4137 ἐποχηθήναι,
655 4057 795 4133 ἐπιβῆναι

180 4179 255 4241 409.
279 4160 361 4222 ἄσσα
375 4154 422 4246 τε]
440 4159 506 4222 τίνα
518 4157 552 4236 δή

181 4276 254 4341 415.
279 4266 358 4343 παρὰ
373 4261 481 4342 σήματι
492 4257 593 4348 Ἴλου]
610 4262 690 4341 παρὰ
705 4261 744 4345 τῷ
761 4258 845 4345 τάφῳ
861 4264 912 4323 τοῦ
922 4259 1008 4323 Ἴλου

181 4367 255 4442 416.
278 4370 414 4444 φυλακὰς
429 4365 455 4428 δ’
471 4366 505 4432 ἀς
520 4367 621 4442 εἴρεαι,
636 4361 727 4452 ἥρως]
747 4365 813 4445 περὶ
837 4371 896 4428 τῶν
911 4365 1055 4446 φυλάκων
1071 4365 1113 4428 δν
1128 4363 1247 4447 ἐρωτᾷς,
1263 4358 1284 4422 ὦ
1299 4376 1331 4431 4⁰

139 4470 325 4549 γενναιότατε
