2954 4936
604 243 775 306 τλιλαον
806 221 830 306 ι.
861 240 924 324 (9)

133 395 210 463 282.
244 413 276 475 4.
300 397 403 461 αὐτίκα
418 396 442 462 δ’
457 396 737 476 αῖετὸνῆκετελειό-

331 526 421 564 τατον

225 621 264 669 12
281 607 314 666 et
332 622 382 683 14.
405 606 583 688 πανομφαίῳ

223 723 275 771 20.
298 712 426 788 Τεῦκρος
442 706 466 770 δ’
483 708 596 773 εἴνατος

223 809 275 875 26.
299 809 452 890 παπτήνας

222 931 275 997 30.
300 914 347 976 καὶ
362 913 561 978 Μελάνιππον
576 934 637 976 om.

133 1015 209 1100 283.
245 1035 276 1100 3.
299 1015 362 1078 όσ’
377 1016 483 1098 ἔτρεφε

244 1129 275 1198 5.
300 1120 351 1182 καί
363 1144 400 1183 σε
415 1121 503 1183 νόθον
520 1145 574 1200 περ
591 1120 677 1182 ἔόντο

223 1239 275 1287 22.
299 1222 405 1288 ἵππους
415 1242 477 1285 om.

223 1337 275 1405 27.
299 1327 331 1388 ἔκ
360 1328 413 1388 τοῦ
444 1324 481 1404 ’δὴ
511 1325 624 1402 τόξοισι
658 1327 737 1388 δεδε-

331 1428 438 1509 γμένος

134 1530 210 1609 284.
247 1544 276 1611 7.
299 1530 399 1610 μήκων
414 1528 439 1593 δ’
455 1531 494 1596 ὥς
510 1530 637 1611 ἑτέρωσε

225 1651 277 1714 19.
299 1633 401 1712 μήκων
415 1632 441 1698 δ’
457 1634 496 1700 ὧς

223 1755 275 1802 21.
299 1736 399 1821 καρπῷ
414 1736 578 1818 βριθομένη

223 1852 275 1920 27.
299 1839 368 1902 ἀλλ’
385 1837 626 1922 Ἀρχεπτόλεμον

222 1962 275 2028 33.
299 1942 364 2006 ὁδέ
378 1943 552 2027 χερμάδιονι
580 1945 596 2007 ὁ
616 1943 649 2007 δέ
669 1943 735 2028 (sio,

330 2046 463 2130 repetito
479 2049 495 2110 ὁ
509 2045 552 2130 δέ)

135 2148 209 2232 285.
244 2161 274 2231 5.
298 2150 457 2232 αὐερύοντα

224 2272 274 2318 10.
296 2255 365 2335 ῥῆξε
381 2255 414 2318 δέ
427 2256 456 2318 οἱ
470 2252 576 2333 νευρήν

225 2375 274 2442 13.
298 2355 371 2440 χεῖρ’
389 2357 437 2420 ε’πὶ
453 2358 551 2442 καρπῷ

223 2478 274 2526 20.
298 2462 377 2524 άλλᾶ
392 2459 469 2524 θέων

135 2558 210 2627 286.
246 2578 276 2640 9.
301 2558 466 2639 ἀλλήλοισί
477 2585 510 2623 τε
526 2561 696 2639 κεκλόμενοι

225 2681 275 2748 13.
299 2667 428 2745 Γοργοῦς
443 2661 549 2743 ὄμματ’
566 2662 644 2746 ἔχων

224 2777 275 2847 25.
299 2764 508 2846 κεκαδησόμεθ’
524 2787 586 2830 om.

136 2869 275 2952 287.11.
299 2870 372 2933 κύνα
381 2866 487 2933 Ἀιδου

225 2984 275 3054 15.
299 2972 412 3054 Στυγὸς
425 2974 530 3039 ὕδατος

226 3075 275 3142 18.
299 3077 362 3155 ἤοῖ
375 3073 493 3158 γούνατ’
510 3075 618 3140 ἔκυσσε

136 3180 211 3250 288.
247 3199 276 3246 1.
299 3181 371 3245 ὅταν
385 3201 447 3243 om.

245 3295 276 3365 5.
300 3286 326 3347 εί
340 3288 392 3347 νῶϊ

225 3387 275 3452 16.
299 3384 417 3450 πέπλον
430 3389 485 3463 μὲν
499 3382 657 3467 κατέχευεν

226 3509 278 3558 20.
300 3488 406 3568 λάζετο
422 3487 448 3552 δ’
464 3487 552 3571 ἔγχος

225 3613 276 3679 23·
299 3593 388 3675 βριθὺ
402 3589 481 3675 μένα

225 3710 277 3778 25.
301 3696 462 3776 αὐτόμαται
477 3698 509 3760 δὲ
524 3697 615 3759 πύλαι

225 3799 278 3868 28.
299 3798 389 3881 βάσκ’
409 3801 449 3864 ίθι
466 3796 524 3881 Ἰρι
543 3798 652 3880 (codex
669 3797 738 3878 ἤρη)

333 3909 439 3988 ταχεῖα

224 4026 277 4094 32.
302 4008 420 4090 γυιόσω
435 4008 492 4086 μὲν
507 4010 605 4087 σφῶϊν
618 4002 671 4085 ὑφ’
688 4002 738 4083 άρ-

332 4135 425 4191 μασιν
443 4107 537 4175 ὠκέας
551 4109 657 4174 ἵππους

137 4215 278 4301 28910.
302 4214 360 4279 αἰεὶ
374 4211 433 4296 γάρ
446 4236 497 4292 μοι
513 4211 605 4275 ἔωθεν
621 4212 739 4274 ἐνικλᾶν

334 4317 397 4380 ὅττι
413 4341 462 4380 κεν
478 4317 548 4379 εἴπω

226 4436 277 4508 23.
301 4417 369 4502 ὄφρ’
387 4419 419 4483 εύ
434 4420 519 4505 εἰδῇς,
535 4422 690 4500 γλαυκῶπι

1323 237 1389 310 352

876 414 927 476 29.
950 400 1008 458 τῶν
1031 395 1134 458 άλλων
1160 396 1214 474 μὲν
1242 394 1389 474 ἀποφθεί-

984 503 1045 562 σθω

788 619 862 683 290.
897 619 927 683 9.
951 601 1023 683 πρὸς
1039 603 1149 666 ένόπια
1166 602 1390 684 παμφανόωντα

877 724 926 769 11.
950 706 1113 784 Οὔλυμπον
1128 706 1159 768 δὲ
1176 706 1263 769 δίωκε

876 820 926 888 15.
949 806 1063 888 άρματα
1078 806 1104 870 δ’
1120 806 1156 872 ἂν
1170 813 1302 887 βωμοῖσι

876 920 927 976 21.
952 912 1024 974 κατὰ
1037 915 1106 973 λῖτα

876 1025 927 1094 25.
951 1015 981 1076 αἱ
996 1011 1019 1076 δ’
1037 1011 1096 1076 οἶαι
1113 1014 1186 1078 Διός

875 1137 926 1202 30.
950 1117 984 1180 οὐ
998 1113 1055 1195 μέν
1070 1119 1123 1194 θην
1138 1114 1262 1194 κάμετόν
1276 1141 1312 1196 γε

789 1239 861 1303 291.
877 1240 926 1286 10.
951 1220 1003 1283 οὐκ
1016 1217 1054 1283 ,άν
1068 1216 1278 1304 ἔφίύμετέρων
1292 1216 1388 1301 ὀχέων

982 1322 1128 1404 πληγέντε

876 1446 928 1494 21.
950 1428 1018 1508 πρὶν
1032 1427 1118 1507 ὄρθαι

877 1549 928 1609 24.
952 1532 1062 1594 στείνει
1077 1531 1109 1593 έν
1124 1527 1267 1612 αἰνοτάτῳ

791 1653 929 1718 29214.
950 1636 982 1699 έν
997 1632 1021 1697 δ’
1038 1631 1119 1697 ἔπεσ’
1136 1631 1272 1716 Ὠκεανῷ

878 1757 928 1820 19.
951 1740 984 1802 έν
999 1737 1125 1822 καθαρῷ,
1141 1737 1189 1798 όθι
1204 1734 1239 1813 δὴ
1257 1735 1366 1799 νεκύων

875 1861 925 1926 30.
944 1840 1098 1921 Ἀργείους
1114 1839 1161 1902 καὶ
1176 1842 1247 1918 νῆας

789 1965 861 2031 293.
898 1944 928 2009 8.
952 1945 1036 2007 σῖτόν
1045 1941 1070 2006 τ’
1082 1946 1113 2008 ἐκ
1122 1938 1387 2025 μεγάρωνάξεσθαι

875 2066 926 2114 22.
951 2046 1082 2110 Lemma
1097 2066 1159 2109 om.

876 2165 927 2231 27.
950 2153 1041 2227 μθθος
1057 2146 1080 2210 δ’
1096 2148 1129 2214 ὅς

788 2254 924 2338 29416.
947 2253 996 2318 οθς
1014 2255 1096 2331 κῆρες
1111 2251 1270 2332 φορέουσιν

876 2377 924 2439 19.
949 2359 1087 2433 εἵσσομαι
1102 2352 1170 2438 (sic)

843 2443 852 2456 ⁴
874 2481 925 2546 23.
949 2463 1049 2542 ούριον
1062 2458 1099 2538 ἢν
1114 2457 1220 2539 ἀρετήν

787 2577 860 2648 295.
896 2579 925 2647 7.
950 2566 975 2627 εἰ
989 2565 1045 2644 γὰρ
1061 2562 1139 2643 ἐγὼν
1154 2561 1192 2627 ὥς

895 2689 924 2751 9.
944 2670 991 2733 ἐπὶ
1007 2669 1037 2730 δὲ
1053 2671 1154 2747 Τρῶες
1169 2663 1336 2740 κελάδησαν

877 2792 926 2857 13.
950 2773 978 2834 οἱ
997 2772 1029 2834 δὲ
1049 2769 1126 2851 μέγα
1145 2759 1317 2849 φρονέοντες
1339 2764 1386 2829 ἔπὶ

984 2872 1143 2952 πτολέμοιο
1161 2871 1273 2955 γεφύρῃ

875 2997 926 3045 20.
949 2979 989 3044 ὡς
1004 2974 1030 3039 δ’
1047 2972 1088 3038 ὅτ’
1106 2977 1139 3039 ἔν
1154 2973 1266 3059 οὐρανῷ
1290 2973 1387 3053 ἄστρα

982 3079 1108 3163 φαεινὴν
1122 3079 1198 3159 ἀμφὶ
1213 3074 1344 3156 σελήνην

876 3205 927 3253 22.
951 3187 983 3250 ἔκ
1001 3182 1028 3247 τ’
1044 3184 1155 3266 ἔφανεν
1170 3187 1264 3247 πᾶσαι

790 3292 862 3374 296.
898 3311 928 3375 3.
951 3291 1049 3352 τόσσα
1063 3286 1178 3368 μεσηγὺ
1194 3290 1268 3349 νεῶν

877 3412 927 3472 14.
950 3394 1029 3456 εἵατο
1044 3388 1225 3468 πεντήκοντα
1243 3389 1319 3472 σέλᾳ
1334 3412 1386 3451 πυ·
1459 3465 1460 3469 ¹

981 3519 1032 3576 ρος

1028 3825 1052 3883 l.
1097 3819 1159 3901 (9)
1271 3856 1274 3864 ·

791 4014 864 4098 296.
878 4029 929 4092 24.
953 4011 992 4078 ὣς
1014 4012 1042 4074 οἱ
1063 4011 1118 4088 μὲν
1132 4012 1232 4089 Τρῶες
1254 4004 1388 4089 φυλακὰς

878 4217 929 4286 27.
953 4115 1097 4278 θεέῷάέσίη
1113 4200 1164 4282 ἔχε
1182 4198 1260 4281 φύζα

791 4322 864 4392 297.
900 4319 930 4389 5.
953 4306 1056 4370 πένθεϊ
1077 4301 1102 4367 δ’
1121 4300 1237 4386 ἆτλήτῷ
1254 4297 1388 4381 βεβολή.

988 4433 1040 4472 ατο

885 4531 934 4580 12.
958 4513 995 4579 ὡς
1011 4509 1036 4575 δ’
1051 4511 1152 4590 ἄνεμοι
1168 4510 1219 4572 δύο
