2954 4936
582 221 753 284 ικικκος
783 221 819 283 ς.
850 218 934 304 (νο)

219 390 272 462 33.
298 377 430 465 Πηλείδῃ
459 380 513 458 μὲν
540 379 615 460 ἔγὼν
640 378 731 442 ε’νδεί·

347 507 362 543 ο
385 506 416 544 αι

134 581 207 664 185.
243 478 426 660 &misam
442 585 476 664 δή
491 611 542 665 μοι

224 706 273 764 14.
296 689 377 752 ἀλλά
391 690 422 752 τί
436 715 484 753 κεν
497 689 611 770 ῥέξαιμι

134 790 207 854 186.
244 806 274 873 7.
298 793 409 879 ἀνδρῶν
423 793 475 871 ἠδὲ
491 796 566 856 θεῶν

224 910 273 980 15.
297 901 353 959 τῶν
368 897 480 976 ἀνδρῶν
494 899 595 977 γενεῆς

132 1068 137 1075 .
224 1017 272 1080 19.
297 1001 323 1062 εἰ
338 994 364 1062 δ’
379 1000 434 1079 ἀγε
449 1005 500 1063 νῦν
514 1024 565 1078 μοι
580 999 712 1078 ὄμοσσον

134 1101 207 1182 187.
244 1120 271 1163 1.
296 1103 419 1183 ἰφθίμην
433 1102 548 1184 ἄλοχον

224 1222 272 1273 12.
297 1201 463 1284 Ἀλκμήνης
479 1202 505 1266 δ’
520 1203 675 1268 ἀπέπαυσε

222 1325 272 1392 23.
297 1307 465 1388 Εὐρυσθεὺς
480 1292 639 1370 Σθενέλοιο
654 1305 723 1372 πάῖς

134 1410 206 1494 189.
220 1429 271 1475 21.
296 1412 338 1474 ἔτι
356 1409 454 1487 ζώοντ’
471 1410 641 1495 ἀκάχησθαι

221 1514 271 1579 26.
296 1515 365 1577 ἀλλ’
380 1517 421 1578 ίθι
435 1518 463 1578 οῖ
479 1514 583 1595 νέκταρ
599 1539 631 1578 τε

221 1615 272 1682 28.
294 1616 352 1696 ἡδ’
370 1617 446 1704 ἅρπῃ

133 1735 206 1803 190.
243 1738 270 1785 1.
294 1722 333 1788 ὡς
348 1720 374 1784 δ’
389 1722 438 1785 ότε
453 1723 593 1802 ταρφειαί

242 1844 272 1909 3.
296 1824 424 1906 θώρηκές
438 1851 472 1889 τε
487 1825 697 1906 κραταιγύαλοι

222 1941 271 2010 15.
295 1933 388 1992 καλοῦ
403 1927 558 1992 δαιδαλέου

219 2049 271 2114 31.
296 2032 336 2116 τῷ
352 2029 379 2094 δ’
396 2032 460 2095 εὖτε

135 2151 208 2218 191.
246 2152 273 2197 1.
297 2135 337 2220 τῷ
353 2132 380 2197 δ’
397 2135 461 2198 εὖτε
476 2134 567 2215 πτερά

220 2255 272 2304 22.
297 2237 396 2304 Ξάνθε
411 2263 444 2302 τε
460 2238 506 2300 καὶ
521 2239 613 2300 Βαλίε

220 2358 238 2405 2
241 2355 271 2424 5.
295 2339 342 2422 ἀψ
360 2347 483 2407 Δαναῶν

349 2603 385 2661 ς.
425 2599 513 2680 (20)

134 2767 206 2838 192.
222 2753 271 2816 18.
294 2753 406 2816 πεδίοιο
422 2773 483 2815 om.

219 2875 271 2941 31.
295 2857 362 2920 οὔτε
384 2881 428 2922 τις
452 2857 505 2919 οὖν
530 2859 667 2934 ποταμῶν
696 2850 729 2917 ἀ·

326 2959 400 3038 πέην

135 3079 207 3148 193.
246 3081 272 3126 1.
295 3058 356 3125 οὔτ’
372 3063 430 3143 ἀρα
444 3062 587 3143 νυμφάων

243 3179 272 3247 7.
296 3166 401 3246 ξεστῇς
416 3167 611 3251 αἰθοόσσῃσιν

223 3288 271 3355 13.
296 3271 333 3336 ὡς
349 3273 377 3334 οἱ
391 3270 447 3348 μὲν
462 3268 535 3334 Διὸς
551 3268 636 3332 ἔνδον

223 3373 271 3436 16.
295 3372 355 3438 οὐδ’
395 3373 582 3455 Ἔνοσίχθων
627 3371 728 3449 νηκοό·

328 3502 422 3554 στησε
437 3481 505 3542 θεῖις

223 3593 271 3660 19.
294 3579 312 3658 ἦ
328 3605 356 3643 τι
370 3580 437 3660 περὶ
451 3581 563 3661 Τρώων

136 3696 206 3767 194.
243 3703 270 3747 1.
292 3685 364 3763 ὑπὲρ
377 3685 471 3764 μόρον
487 3680 657 3769 ἐξαλαπάξῃ

222 3786 270 3849 16.
294 3788 380 3865 Λητώ
396 3811 428 3851 τε
445 3787 561 3855 Ξάνθος
575 3812 607 3851 τε

220 3905 270 3973 23.
294 3887 370 3970 ἀρτο
385 3885 412 3952 δ’
428 3889 487 3972 ἔρις
502 3886 624 3971 κρατερή
727 3958 732 3966 ⁸

223 4011 274 4069 24.
297 3995 409 4060 ἄλλοτε
423 3997 483 4076 πάρ
498 3995 633 4073 Σιμόεντι

221 4112 272 4176 27.
296 4101 372 4162 θεῶν
386 4098 434 4162 ἔπὶ
450 4097 665 4182 Καλλικολώνῃ

136 4217 206 4284 195.
240 4219 271 4279 4.
294 4207 382 4283 γαῖαν
397 4202 568 4283 ἀπειρεσίην

242 4325 272 4390 9.
294 4305 359 4386 ἤτοι
381 4307 437 4385 μὲν
459 4306 516 4388 γὰρ
538 4305 643 4370 ἔναντα
666 4309 730 4368 110-

329 4408 456 4474 σειδάων
472 4409 518 4474 καὶ
533 4411 569 4472 τδ
584 4406 650 4488 έξῖρς

139 4512 209 4596 196.
223 4525 274 4596 27.
293 4506 374 4592 Ἥρη
390 4511 414 4577 δ’
431 4512 558 4590 ἀντέστη

1319 218 1382 283 375

870 397 921 462 33.
946 384 1040 446 σῶκος
1055 379 1195 459 ἐριούνιος

786 496 857 563 197.
873 501 923 566 13.
946 481 981 545 δν
997 481 1114 549 Ξάνθον
1130 479 1270 545 καλέουσι
1285 480 1350 543 θεοί

873 584 922 647 18.
947 585 981 651 δς
994 586 1106 667 Τρώων
1120 587 1285 666 βασιλεῦσι

872 705 922 753 22.
947 689 1095 770 Πριαμίδη
1111 690 1142 752 τί
1152 713 1190 768 με
1205 691 1296 752 ταῦτα

871 790 922 856 28.
946 791 994 854 καὶ
1009 795 1042 856 δὲ
1057 792 1095 856 σε’
1110 800 1205 874 φασιν

786 893 857 974 198.
891 909 922 976 5.
945 896 1001 959 ἀνδ
1015 895 1148 972 οὗλαμόν

872 998 922 1063 28.
945 1002 971 1063 εῖ
986 998 1019 1062 δέ
1035 997 1061 1062 κ’
1073 996 1167 1080 Ἀρης

786 1116 856 1184 199.
890 1120 921 1182 4.
944 1108 1042 1182 Τρῶες
1062 1102 1109 1166 καὶ
1126 1096 1255 1166 Παλλὰς
1270 1096 1380 1178 Ἀθήνη

872 1223 920 1285 19.
944 1206 1044 1269 ποίεον
1060 1206 1139 1285 ὄφρα
1152 1203 1187 1267 τὸ
1202 1206 1287 1282 κῆτος

869 1325 920 1374 21.
945 1309 1020 1390 ἀμφὶ
1036 1311 1072 1372 σὲ
1085 1307 1132 1387 ἤϊε
1148 1312 1244 1383 Φοῖβε

870 1423 920 1492 27.
944 1412 1103 1492 ἀγρόμενοι
1117 1414 1174 1475 πῖις
1190 1413 1278 1489 δῆμος

869 1533 921 1598 30.
942 1513 973 1578 ἑὲ
989 1512 1013 1576 δ’
1031 1514 1119 1576 αὐτόν

784 1631 855 1683 200.
888 1636 920 1698 4.
943 1619 993 1682 ὅτε
1008 1618 1100 1698 πέρσε
1113 1622 1195 1695 βοῶν
1210 1616 1268 1680 ἀπο

760 1772 765 1783 ,
869 1720 920 1786 28.
943 1721 1011 1788 ἕλος
1028 1720 1100 1784 κάτα
1116 1719 1316 1807 βουκολέοντο
1434 1708 1436 1713 ’

783 1841 855 1888 201.
889 1844 920 1908 3.
944 1825 1033 1905 ἀκρον
1048 1821 1094 1888 ἐπ’
1110 1824 1273 1904 ἀνθερίκων

871 1947 919 1990 10.
944 1927 1034 2010 ἀκρον
1049 1928 1098 1992 ἐπὶ
1110 1930 1251 2010 ῥηγμῖνος

762 2104 765 2111 ⁴
872 2042 920 2111 15.
945 2031 998 2094 τὸν
1013 2031 1060 2095 καὶ
1076 2031 1275 2113 ἀνηρείψαντο

784 2149 855 2198 202.
872 2152 921 2216 13.
945 2133 1038 2197 ἔπέων
1053 2137 1085 2198 δὲ
1096 2134 1190 2200 πολὺς
1205 2134 1294 2212 νόμος

783 2254 855 2313 204.
871 2255 920 2298 10.
944 2236 1016 2299 ἔνθα
1031 2262 1081 2300 κεν
1096 2238 1216 2302 Αἰνείας
1230 2237 1285 2316 μέν

871 2358 921 2423 13.
944 2337 962 2418 ἢ
980 2336 1077 2420 κόρυθ’
1092 2341 1126 2419 ἠὲ
1142 2340 1235 2417 σάκοςΙ

869 2460 919 2525 27.
943 2449 995 2507 νῖν
1009 2445 1041 2508 δὲ
1057 2444 1092 2523 δὴ
1109 2447 1228 2508 Αἰνείαο
1244 2446 1297 2523 βίη

783 2558 855 2626 205.
890 2547 918 2611 6.
944 2547 990 2610 καὶ
1009 2553 1109 2614 παῖδες
1131 2549 1251 2624 παίδων,
1268 2549 1317 2611 τοί
1330 2565 1380 2611 κεν

974 2653 1136 2729 μετόπισθε
1150 2651 1291 2732 γένωνται

890 2767 919 2833 7.
943 2754 1063 2818 Αἰνείαν
1077 2753 1100 2835 ἤ
1112 2754 1160 2818 κέν
1170 2779 1222 2833 μιν

871 2870 919 2938 15.
944 2861 1012 2920 θεοῦ
1028 2857 1086 2920 ἀπὸ
1101 2857 1200 2940 χειρὸς
1215 2858 1341 2937 ὀρούσας

869 2974 920 3040 24.
945 2961 1046 3023 Αἰνεία
1062 2961 1105 3026 τίς
1119 2953 1176 3046 ᾧδε

869 3080 920 3143 29.
943 3062 975 3129 δς
985 3067 1045 3128 ’σεῦ
1059 3063 1120 3144 ἅμα
1136 3067 1282 3146 κρείσσων

869 3185 920 3250 31.
943 3168 1075 3244 λεύσσω,
1092 3169 1131 3253 τῷ
1148 3167 1174 3232 δ’
1190 3167 1303 3251 ἐφέηκα

783 3267 855 3333 206.
891 3285 920 3349 3.
946 3270 1096 3352 ἀργαλέον
1112 3271 1146 3336 δέ
1158 3274 1212 3353 μοι’
1224 3275 1288 3336 ἔστι

888 3384 919 3452 5.
941 3373 1071 3438 τόσσους
1086 3371 1109 3437 δ’
1127 3374 1297 3454 ἀνθρώπους

871 3487 918 3553 17.
942 3476 982 3558 τῷ
1006 3473 1030 3537 δ’
1048 3477 1105 3556 ἐγὼ
1127 3477 1224 3542 ἀντίος
1247 3477 1313 3556 εἶμι,
1332 3477 1379 3541 καῖ

909 3629 911 3634 ,
976 3579 1002 3641 εί
1016 3578 1085 3658 πυρὶ
1099 3584 1201 3661 χεῖρας

869 3693 919 3745 21.
944 3681 991 3743 καὶ
1006 3678 1067 3745 τότ’
1084 3682 1129 3762 ἀρ’
1139 3680 1270 3762 Ἕκτορα

869 3796 920 3864 25.
943 3783 983 3863 μή
998 3805 1060 3852 τως
1074 3786 1107 3865 ἠὲ
1123 3788 1205 3874 βάλῃ

869 3902 907 3968 27
913 3936 919 3951 .
941 3885 977 3950 δν
992 3889 1090 3970 νύμφη
1105 3891 1172 3954 τέκε

783 4003 855 4072 207.
894 4011 921 4055 1.
946 3998 1043 4056 κεῖσαι
1059 3989 1230 4073 Ὀτρυντίδη

891 4095 921 4158 6.
944 4096 1035 4182 λίμνῃ
1048 4098 1159 4184 Γυγαίῃ
1371 4172 1376 4183 .

871 4212 920 4278 17.
944 4198 983 4266 ὡς
997 4199 1047 4262 ὅτε
1059 4201 1163 4281 παῖρος
1173 4200 1282 4283 ἤρυγεν
1293 4199 1379 4268 έλκό·

974 4327 1063 4381 μενος
1093 4300 1269 4368 Ἑλικώνιον
1304 4307 1380 4389 ἀμφὶ

976 4406 1088 4470 ἄνακτα

871 4524 921 4591 27.
932 4570 934 4575 .
947 4508 984 4593 ὡς
1004 4510 1061 4591 ἄρα
1075 4511 1125 4575 τόν
1139 4505 1168 4594 γ’
1185 4513 1327 4596 ἔρύγοντα
