2954 4936
216 199 281 271 886
672 204 907 269 ADDENDA.

265 381 336 445 149.
358 376 406 444 17.
424 362 465 424 In
480 366 588 424 annot.
605 361 724 424 excidit
739 359 904 424 asteriscus
919 364 993 424 anie
1008 361 1158 441 ἡγεμόνες.

264 479 335 547 152.
363 466 393 528 6.
417 465 534 546 γένοιτο
565 461 633 553 οὖν]
664 465 768 528 Immo
790 463 900 546 γένοιτ’
923 463 961 529 ἂν
983 465 1046 528 οὖν.
1090 461 1143 526 Sic
1162 486 1193 546 p.
1220 465 1292 541 206,
1318 483 1372 544 24.

218 570 292 648 φαίη
303 593 347 635 τις
361 590 416 651 pro
429 571 503 650 φαίη
515 594 558 634 τις
574 569 620 644 ἄν,
639 567 796 651 frequenti
811 566 1010 630 librariorum
1025 567 1241 651 potiusquam
1258 567 1374 631 scholi-

216 676 356 735 astarum
372 693 481 735 errore.

264 793 335 860 152.
353 790 404 856 27.
430 776 558 857 δεθτεροι
579 771 756 862 μέλλοντες]
786 774 882 838 Recte
910 774 1060 838 Irehrsius
1087 777 1216 856 δεύτεροι
1238 776 1376 855 ἀόριστοι

217 877 265 940 καὶ
279 875 455 957 μέλλοντες.

263 992 334 1065 153.
353 979 381 1043 8.
406 977 606 1068 ἀναστρέφει]
623 982 675 1044 οὐκ
691 981 873 1062 ἀναστρέφει
889 981 1039 1045 Lehrsius
1055 982 1186 1046 Quaest.
1199 982 1259 1064 Ep.
1272 1003 1305 1064 p.
1319 985 1373 1045 81.

263 1100 332 1168 153.
351 1085 400 1146 18.
419 1089 480 1181 τοῖς
497 1086 700 1162 Πολεμωνίοις
714 1081 733 1163 ἢ
748 1090 809 1150 τοῖς
831 1082 993 1173 κυκλικοῖς]
1015 1085 1064 1148 De
1079 1085 1130 1149 his
1144 1085 1247 1150 verbis
1262 1084 1372 1168 longa,

175 1218 183 1229 ··
216 1185 269 1248 sed
284 1207 396 1268 parum
411 1186 582 1270 probabilis
597 1192 646 1249 est
660 1186 818 1250 Welokeri
833 1186 1006 1270 disputatio
1020 1188 1082 1253 vol.
1103 1210 1115 1251 1
1135 1213 1166 1272 p.
1183 1204 1224 1272 52
1240 1210 1306 1271 sqq.

263 1302 333 1372 155.
352 1309 401 1356 21.
428 1289 476 1353 De
497 1290 556 1353 hoc
576 1289 693 1354 scholio
715 1289 797 1353 dixit
820 1290 996 1355 Lobeokius
1021 1292 1188 1376 Patholog.
1211 1290 1274 1354 vol.
1293 1309 1311 1355 2
1336 1313 1369 1374 p.

217 1389 268 1471 98.

262 1495 331 1560 160.
349 1514 400 1574 24.
432 1497 472 1558 In
488 1503 595 1560 annot.
611 1519 667 1580 pro
685 1505 702 1532 “
714 1497 781 1560 fuso
792 1495 810 1523 ”
826 1497 948 1581 corrige
964 1505 985 1535 “
994 1498 1071 1561 falso
1083 1498 1099 1524 ”

262 1598 333 1662 161.
350 1618 401 1664 21.
430 1601 470 1663 In
486 1605 593 1664 annot.
609 1623 665 1683 pro
685 1600 856 1681 ἐξείρρνσσε
871 1600 992 1685 corrige
1008 1601 1172 1683 ἐξείρυσσε.

261 1701 331 1786 163.
349 1717 378 1782 7.
402 1700 547 1792 πέφυκεν]
566 1703 708 1767 Fortasse
724 1704 866 1785 πέφηνεν.

262 1805 333 1886 178.
352 1806 402 1871 28.
426 1807 466 1869 In
489 1813 580 1871 textu
602 1807 722 1892 corrige
744 1812 779 1894 τῇ
803 1809 874 1895 ὀρθῇ
889 1830 946 1891 pro
961 1809 979 1887 ἡ
996 1808 1068 1889 ὀρθή
1083 1815 1115 1871 et
1130 1808 1209 1871 adde
1231 1812 1369 1871 annota-

80 1994 84 2000 ,
214 1906 333 1971 tionem
358 1909 397 1973 28
421 1912 456 1995 τῇ
480 1911 552 1996 ὀρθῇ
574 1911 605 1994 (ἡ
626 1911 698 1991 ὀρθή
714 1907 820 1998 Vill.)]
838 1909 865 1974 I.
875 1933 902 1974 e.
920 1915 1026 1993 χρῆται
1042 1912 1076 1994 τῇ
1092 1912 1171 1991 ὀρθῇ,
1188 1915 1225 1972 ut
1234 1931 1272 1992 p.
1294 1910 1369 1986 188,

218 2010 703 2098 14.348,28.360,1.378,6.

260 2115 400 2194 184.14.
424 2117 536 2192 ἴκηταιι
561 2122 647 2180 τοῦτο
669 2116 703 2180 τὸ
724 2113 862 2206 ῥῆμα-]
880 2117 920 2179 In
935 2117 967 2179 A
989 2121 1046 2193 est,
1070 2115 1257 2198 interposito
1279 2115 1368 2199 glos-

215 2225 341 2298 semate,
357 2221 437 2285 πολδ
451 2220 613 2302 φέρτερου;
638 2225 711 2286 κατδ
726 2223 804 2286 πολὺ
819 2229 959 2304 κρεῖττον.
992 2227 1078 2284 τοῦτο
1093 2221 1127 2283 τὸ
1141 2224 1278 2302 ρἣα-.

263 2323 332 2404 184.
349 2344 401 2410 30.
429 2325 470 2386 In
485 2331 593 2389 annot.
610 2324 731 2409 corrige
746 2346 784 2404 41
804 2348 860 2409 pro
878 2345 908 2405 4.

263 2425 402 2504 188.14.
427 2429 471 2489 ὅτι
488 2427 522 2512 τῇ
538 2433 640 2514 γενικῇ
664 2429 729 2491 ἆντὶ
753 2432 802 2506 τῆς
825 2422 1001 2515 αἰτιατικῆς]
1027 2425 1229 2509 Intelligitur
1250 2429 1368 2508 χρῆται.

216 2529 372 2593 Similiter
383 2553 414 2612 p.
427 2549 500 2616 343,
515 2530 555 2594 28
569 2533 614 2594 ὅτι
628 2533 669 2616 τῷ
685 2531 886 2615 δπαρεμφάτῳ
903 2531 966 2595 ἀντὶ
980 2535 1033 2593 τοῦ
1048 2540 1273 2609 προστακτικοῦ.
1290 2528 1370 2614 360,

217 2651 231 2694 1
250 2634 295 2696 ὅτι
317 2635 356 2718 τῷ
380 2636 532 2714 ἐπείγετον
556 2636 692 2720 ὁριστικῷ
716 2635 781 2698 ἀντὶ
804 2637 1005 2697 ὑποτακτικοῦ.
1029 2632 1104 2718 378,
1121 2633 1142 2694 6
1161 2634 1207 2695 ὅτι
1222 2633 1370 2718 αἰτιατικῇ

214 2737 280 2800 ἀντὶ
310 2741 361 2816 τῆς
388 2741 515 2818 γενικῆς.
564 2736 660 2800 Plura
687 2736 830 2821 exempla
858 2736 953 2800 attuli
983 2735 1017 2798 in
1048 2741 1155 2799 annot.
1181 2735 1222 2799 ad
1251 2734 1370 2799 scholia

215 2837 374 2922 Odysseae
389 2839 450 2902 vol.
470 2860 483 2903 1
501 2863 532 2922 p.
552 2856 613 2920 207
629 2845 662 2902 et
678 2858 750 2923 232.
1156 2833 1158 2838 ¹

261 2942 331 3021 189.
350 2960 401 3023 29.
426 2943 473 3006 καὶ
489 2965 550 3006 om.
567 2944 608 3005 A.

263 3046 331 3128 196.
349 3065 400 3110 20.
420 3046 461 3108 In
476 3051 583 3110 annot.
603 3068 660 3129 pro
678 3047 819 3111 Κυδόνον
833 3047 955 3130 corrige
973 3049 1134 3111 Κυδωνίαν.

258 3167 329 3212 200.
350 3167 400 3233 23.
425 3149 465 3210 In
480 3154 587 3212 annot.
604 3148 725 3231 corrige
740 3151 825 3216 θεούς
839 3172 896 3232 pro
912 3151 987 3216 θεός.

259 3270 330 3314 211.
355 3270 405 3316 21.
439 3247 639 3339 ἐκτιθεμένου]
667 3259 901 3318 σννεσταλκότας
926 3251 1023 3314 codex
1053 3251 1151 3314 Paris.
1176 3250 1260 3330 2766
1283 3249 1369 3332 apud

214 3353 399 3418 Cramerum
419 3353 537 3419 Auecd.
554 3354 652 3418 Paris.
669 3355 731 3419 vol.
749 3376 767 3441 3
784 3379 814 3439 p.
832 3357 904 3435 284.

258 3475 331 3538 214.
350 3476 378 3521 2.
402 3457 497 3538 σάρκα
518 3459 556 3523 ὡς
571 3454 664 3545 άλκα]
681 3459 760 3521 ἅλκα
783 3460 822 3525 ὣς
843 3459 937 3540 σάρκα
952 3458 1078 3522 Velsen.
1095 3457 1133 3521 de
1148 3455 1322 3541 Tryphone
1335 3479 1370 3540 p.

214 3561 267 3643 65.

258 3679 330 3747 215.
347 3677 398 3745 25.
422 3661 534 3753 ὀπάζω]
553 3664 682 3750 Corrige
698 3666 821 3742 ὀπάζων.

258 3782 331 3852 215.
355 3769 406 3834 26.
435 3769 476 3830 In
490 3775 597 3832 annot.
614 3769 668 3832 lin.
686 3785 704 3833 2
721 3791 777 3852 pro
794 3778 812 3806 “
823 3769 911 3833 Atho
922 3768 940 3796 '²
956 3769 1078 3853 corrige
1095 3776 1114 3806 ‘⁶
1125 3765 1264 3839 Athoo.”

258 3872 331 3936 216.
350 3889 399 3935 22.
423 3870 617 3956 ἀλευάμενος]
636 3872 727 3935 Conf.
742 3871 782 3935 ad
797 3895 828 3956 p.
849 3872 918 3955 198,
936 3873 987 3936 26.

258 3989 331 4058 217.
350 3995 398 4060 13.
422 3977 588 4039 ἐπλεόνασε
611 3977 645 4038 τδ
667 3972 699 4063 ἐ]
725 3975 777 4040 Sic
792 3975 889 4039 etiam
903 3998 934 4058 p.
951 3991 1024 4060 215,
1045 3977 1083 4040 18
1098 3977 1132 4039 τδ
1150 3976 1185 4055 δὴ
1204 3977 1374 4040 ἐπλεόνασε

214 4079 247 4141 τὸ
265 4087 292 4159 ρ.
337 4077 534 4141 Probabilius
548 4077 649 4141 videri
664 4084 769 4161 potest
784 4081 950 4144 ἐπλεόνασε
970 4080 1109 4165 roi-sed
1131 4083 1252 4142 certum
1275 4100 1373 4143 accu-

214 4181 308 4244 sativi
330 4181 510 4266 exemplum
531 4181 660 4264 praebet
678 4204 709 4264 p.
725 4201 800 4264 419,
825 4201 865 4244 20
885 4183 929 4245 ὅτι
952 4181 1111 4260 πλεονάζει
1129 4184 1163 4245 ἐν
1186 4180 1293 4246 Ἰλιάδι
1315 4186 1373 4250 τὰς

214 4285 406 4366 μεταλήψεις,
431 4288 463 4349 ἐν
488 4283 649 4368 Ὀδυσσείᾳ
675 4288 708 4348 δὲ
733 4283 822 4364 ἅπαξ.
867 4285 986 4348 Contra
1015 4307 1079 4349 non
1109 4283 1214 4348 minus
1243 4290 1371 4350 eertum

215 4385 313 4449 dativi
335 4387 514 4470 exemplum
535 4391 583 4450 est
605 4411 636 4470 p.
653 4407 726 4465 221,
744 4408 786 4472 30
808 4390 900 4474 τούτῳ
923 4392 955 4452 δὲ
973 4389 1013 4474 τῷ
1037 4389 1096 4453 ἔθει
1118 4390 1304 4454 πεπλεόυοκε
1321 4392 1374 4454 καὶ

214 4487 361 4570 Ἀλκμάν.
406 4491 542 4554 Videtur
558 4490 660 4575 igitur
674 4496 806 4575 utraque
821 4495 979 4556 structura
995 4492 1113 4559 usitata
1126 4491 1234 4558 fuisse.
