2954 4936
585 241 755 305 πολλου
786 240 825 303 x.
857 240 940 324 (τι)

226 411 276 458 11.
301 391 392 475 αύτδρ
406 395 465 477 ἐγὼ
481 395 626 476 Ζεφύροιο

226 514 276 576 14.
300 501 418 577 είσομαι
431 498 467 577 ἐξ
480 500 588 562 ἁλόθεν

225 601 275 665 18.
298 604 405 685 τεύχεα
420 607 487 682 κῆαι

224 723 276 771 20.
300 706 431 772 πολλοὺς
446 707 478 768 οἵ
489 707 527 786 ῥα
542 701 602 767 κατ’
619 704 708 767 αὐτόν

224 825 276 885 24.
299 812 358 870 πᾶν
373 806 399 870 δ’
415 807 557 888 ἐξηράνθη

134 927 211 988 224.
248 923 276 991 7.
301 912 405 989 κνίσην
418 913 602 990 μελδόμενος

226 1014 275 1076 16.
299 1014 375 1094 ἀμφὶ
391 1016 422 1077 δὲ
438 1013 602 1096 σάλπιγξεν

224 1135 275 1181 21.
299 1116 376 1180 τίπτ’
393 1115 452 1180 αὖτ’
470 1116 493 1180 ὦ
509 1118 649 1196 κυνάμυια

224 1237 275 1304 23.
298 1219 465 1299 οὐτάμεναι,
483 1219 554 1298 αύτὴ
569 1219 604 1283 δέ

224 1322 275 1388 28.
299 1323 464 1401 οὐτάμεναι,
489 1323 560 1402 αὐτὴ
587 1325 621 1386 δὲ
645 1324 736 1387 πανό-

329 1433 404 1508 ψιον

134 1543 208 1612 225.
246 1550 273 1596 1.
297 1531 481 1617 σμερδαλέην

225 1648 272 1716 17.
297 1637 347 1697 καί
359 1633 386 1715 ῥ’
402 1632 590 1714 ἐπιεισαμένη

223 1757 273 1804 22.
296 1743 423 1802 τοιοῦτοι
437 1745 488 1802 νῦν
503 1738 612 1803 πάντες

223 1838 273 1902 26.
298 1838 355 1900 ὧδέ
368 1863 401 1900 τε
417 1839 579 1918 θαρσαλέοι

222 1961 273 2026 33.
298 1941 454 2019 διέσταμεν

130 2043 208 2110 226.
244 2061 272 2108 2.
296 2045 356 2124 πδρ
372 2041 441 2108 Διὸς
459 2045 595 2109 ἐλθόντες
711 2037 713 2041 ’

223 2160 273 2228 17.
297 2152 405 2226 Φοῖβε,
422 2147 460 2210 σὺ
475 2146 498 2210 δ’
519 2150 670 2213 εἰλίποδας

221 2268 272 2330 24.
296 2250 396 2316 έλικας
409 2255 484 2329 βοῦς

222 2371 273 2435 29.
298 2359 402 2416 στεῦτο
418 2352 451 2416 δέ
464 2351 492 2434 γ’
508 2353 685 2434 ἀμφοτέρων

135 2471 207 2538 227.
245 2477 272 2519 1.
295 2459 324 2519 οἱ
339 2455 366 2518 δ’
380 2455 462 2519 αὐτοὶ
478 2457 663 2538 δηριαάσθων

241 2580 271 2645 3.
290 2557 429 2638 Ἀρτεμις
444 2560 587 2640 ἀγροτέρη

242 2675 272 2742 5.
296 2664 440 2725 ὀνείδειον
454 2662 534 2743 φάτο
548 2667 642 2741 μΰθον

223 2785 273 2851 13.
295 2766 335 2844 μή
350 2790 405 2829 σευ
421 2769 473 2828 νῦν
487 2765 531 2828 ἔτι

221 2883 272 2950 17.
295 2870 376 2931 ἀλλδ
390 2868 588 2951 χολωσαμένη

221 2990 272 3037 21.
295 2971 360 3050 ἤτοι
375 2971 523 3051 βέλτερόν
538 2973 601 3035 ἐστι

219 3093 270 3159 23.
294 3077 321 3138 εἰ
335 3072 361 3136 δ’
376 3075 488 3142 ἐθέλεις

219 3194 271 3259 30.
294 3175 374 3240 ὥστε
388 3173 493 3238 πέλεια

134 3278 208 3345 228.
244 3297 271 3341 1.
294 3277 430 3361 χρησμὸν
445 3275 505 3340 οὐδ’
521 3277 580 3359 ἄρα
594 3276 628 3364 τῇ
643 3302 679 3358 γε

240 3395 271 3462 5·
295 3383 334 3448 ὣς
348 3379 394 3461 ἄρ’
410 3381 469 3462 ἔφη

221 3505 270 3548 10.
295 3486 349 3564 τὴν
364 3487 397 3548 δὲ
411 3485 496 3565 προτὶ
512 3486 544 3548 οἳ

221 3609 271 3673 13.
294 3588 386 3653 τδνιδ’
401 3590 471 3653 αύτε
486 3589 663 3670 προσέειπεν

221 3693 271 3758 28.
296 3694 376 3759 αὖτις
391 3691 438 3758 ἐπ’
454 3692 501 3775 δψ
516 3692 634 3771 θέμεναι

220 3816 270 3882 30.
293 3795 334 3875 μὴ
357 3797 444 3863 οὖλος
467 3797 541 3878 ἀνὴρ
567 3801 609 3864 είς
633 3802 732 3880 τεῖχος

325 3902 432 3980 ἅληται

133 4022 207 4085 229.
243 4017 271 4084 7.
295 4006 326 4066 αἱ
341 4007 373 4068 δὲ
387 4009 584 4068 πετασθεῖσαι

221 4125 269 4190 13.
293 4107 342 4170 ἵνα
355 4105 462 4189 λοιγὸν
475 4108 583 4187 άμύναι

221 4224 271 4292 17.
294 4216 418 4293 φεῦγον,
435 4213 451 4274 ό
467 4213 499 4275 δὲ
514 4212 667 4294 σφεδανόν

223 4333 272 4396 19.
297 4317 313 4377 ὁ
329 4317 361 4378 δὲ
376 4319 535 4396 σφεδανῶν

220 4435 271 4483 22.
296 4418 368 4481 ένθο
386 4443 438 4482 κεν
451 4420 607 4500 ὑψίπυλον

222 4539 273 4605 23.
297 4521 388 4601 αὐτὰρ
403 4521 421 4583 ό
434 4519 465 4602 γ’
481 4522 519 4588 ὣς
534 4523 657 4599 ἐνόησεν

1322 241 1387 304 377

766 352 773 363 ¹
787 411 805 458 2
808 413 859 478 30.
897 414 923 460 1.
948 398 973 458 εί
988 394 1022 458 δέ
1030 392 1085 459 ’κεν
1100 395 1129 458 οί
1143 392 1322 476 προπάροιθε

894 517 924 582 3.
949 498 1071 576 ἔμμεναι
1085 498 1176 578 αὐτάρ
1191 500 1219 561 οἱ

876 619 925 664 12.
949 601 1003 680 ἤδη
1019 627 1076 665 που
1090 600 1160 680 μόλ’
1176 603 1288 668 ἔολπας

878 705 926 767 16.
950 706 981 768 ἐν
995 704 1052 786 γάρ
1068 707 1096 767 οἱ
1110 705 1217 770 πολέες
1231 731 1264 768 τε

876 826 925 888 19.
949 809 980 870 οἵ
992 833 1025 872 κε
1039 810 1151 888 πρόσθε
1165 810 1265 889 φίλων

876 929 927 976 22.
951 913 1063 990 πότμον
1078 910 1205 992 ἐφέψεις

789 1031 861 1100 231.
900 1033 927 1078 1.
952 1015 1072 1078 διώκετο
1087 1016 1267 1095 πυροφόροιο
1283 1036 1344 1078 om.

895 1137 925 1201 9.
950 1117 1056 1181 τυτθὸν
1070 1115 1308 1197 ύπερπροθέοντα

1001 1429 1040 1488 x.
1078 1425 1164 1506 (νο)

787 1646 859 1713 231.
874 1642 924 1709 27.
950 1632 1075 1715 καλῇσιν
1091 1629 1255 1708 ἐπάλξεσιν
1269 1652 1330 1694 om.

787 1751 859 1817 232.
896 1751 924 1797 2.
948 1732 966 1811 ἢ
981 1733 1017 1797 νύ
1031 1759 1076 1795 τοι
1092 1734 1155 1796 οὔτι
1173 1731 1259 1812 μέλει
1274 1736 1385 1814 Τρώων

978 1837 1068 1902 πόνος
1083 1836 1133 1902 ούς
1149 1837 1306 1917 ἐφόβησας

894 1939 924 2002 8.
947 1940 980 2005 ὅς
994 1939 1031 2020 ῥά
1045 1965 1078 2001 τε
1091 1941 1157 2020 ῥεῖα

871 2059 922 2106 20.
946 2043 981 2105 όν
996 2067 1029 2104 τε
1045 2042 1103 2105 κύν’
1121 2040 1265 2121 Ὠρίωνος

786 2161 857 2229 233.
892 2165 924 2229 9.
948 2146 999 2206 καί
1011 2169 1044 2207 τε
1059 2142 1145 2225 φέρει
1160 2146 1276 2209 πολλόν

873 2265 923 2324 14.
948 2243 1088 2329 σχέτλιος
1105 2250 1169 2311 αἴθε
1184 2253 1298 2312 θεοῖσιν

873 2363 922 2432 15.
947 2354 1037 2431 φίλος
1051 2353 1197 2416 τοσσόνδε
1217 2349 1220 2356 ’

872 2456 922 2517 18.
946 2453 1015 2517 άλλ’
1039 2457 1064 2517 εί
1088 2457 1143 2534 μὲν
1166 2456 1277 2532 ζώουσι
1309 2459 1384 2535 μετὰ

978 2563 1093 2643 στρατῷ

872 2680 922 2727 22.
947 2661 1149 2740 ὀνομάκλυτος
1159 2661 1275 2740 Ἀλτης

870 2765 921 2830 28.
944 2767 1045 2828 πολλὰ
1077 2767 1133 2846 γὰρ
1167 2765 1270 2829 ὤπασε
1301 2767 1383 2830 παιδὶ

978 2868 1074 2949 γέρων

785 2990 857 3056 234.
893 2992 923 3056 3.
948 2974 974 3034 εί
989 2968 1014 3033 δ’
1029 2969 1084 3050 ἤδη
1100 2975 1223 3036 τεθνᾶσι

872 3094 923 3138 10.
946 3079 1051 3156 Τρῶας
1066 3076 1113 3138 καὶ
1128 3076 1231 3157 Τρωάς

872 3192 921 3260 17.
946 3177 1035 3242 αὐτὸν
1050 3178 1075 3242 δ’
1090 3177 1128 3243 ἂν
1142 3182 1275 3260 πύματόν
1289 3205 1322 3243 πε

872 3301 922 3365 19.
946 3281 1071 3360 ὠμιστοὶ
1088 3283 1223 3363 ἐρύουσιν

784 3395 856 3464 235.
893 3384 922 3449 8.
946 3383 1046 3462 αὐτήν·
1070 3386 1099 3447 εί
1110 3382 1184 3447 ποτέ
1198 3410 1244 3448 τοι

873 3505 922 3567 14.
945 3491 1006 3551 τῶν
1019 3489 1129 3566 μνῆσαι
1144 3489 1217 3568 φίλε
1232 3487 1335 3552 τέκνον

874 3604 922 3670 17.
946 3589 1059 3672 τείχεος
1074 3590 1156 3654 ἐντός

873 3713 921 3777 19.
944 3691 1006 3756 οὐδ’
1022 3676 1135 3775 ἄλοχος
1149 3694 1320 3774 πολύδωρος

872 3816 922 3864 21.
946 3799 1047 3860 πολλὰ
1060 3795 1233 3874 λισσομένω

870 3920 921 3986 23.
946 3901 986 3966 ὡς
1002 3901 1034 3962 δὲ
1050 3897 1166 3978 δράκων
1181 3899 1229 3963 ἐπὶ
1244 3900 1310 3985 χειῇ

784 4003 858 4089 236.
896 4022 925 4070 2.
949 4005 975 4066 εἰ
990 4000 1025 4067 δέ
1040 4027 1090 4066 κεν
1104 4001 1216 4065 ἀσπίδα
1229 4002 1283 4082 μέν

872 4126 922 4169 11.
945 4106 1079 4185 δωσέμεν
1095 4103 1262 4186 Ἀτρείδῃσι

873 4224 921 4292 17.
944 4208 984 4289 μή
999 4233 1051 4289 μιν
1067 4209 1126 4290 ἐγὼ
1140 4207 1196 4287 μέν

871 4333 922 4394 24.
945 4311 1013 4375 ούδέ
1028 4311 1059 4375 τί
1070 4310 1102 4390 μ’
1118 4311 1267 4375 αἰδέσεται

870 4429 911 4497 25
923 4420 956 4480 et
968 4433 1019 4501 32.
1040 4415 1073 4478 ού
1088 4414 1145 4493 μέν
1159 4441 1220 4483 πως
1235 4421 1286 4482 νῦν
1301 4417 1385 4481 ἔστιν

976 4517 1035 4584 ἀπὸ
1051 4520 1136 4599 δρυός
