2954 4936
382 224 385 229 ·
416 249 419 254 -
498 218 669 289 mmaoa
698 228 732 287 a.
763 224 850 307 (18)
1183 225 1255 288 149·

146 403 199 468 23.
228 374 332 450 *κόνιν
372 376 416 450 ότι
434 377 489 466 τήν
505 377 563 451 οἷπδ
581 376 670 476 πυρδς
687 377 800 475 τέφραν
817 376 892 450 κόνιν
910 378 1004 472 λέγει·
1033 376 1076 450 διδ
1094 375 1145 450 καὶ
1162 380 1247 450 αι’θα-

94 489 228 563 λόεσσαν
244 492 336 581 αὗτήν
354 495 449 589 λέγει.

146 617 197 684 26.
225 609 426 708 μεηαλυστιΊ
450 608 604 706 Ἀνακρέων
635 608 747 707 ἷρυστί,
779 613 970 708 Φερεκράτης
996 611 1158 708 ταχεονστί
1180 610 1245 683 dai

94 733 147 796 τοῦ
164 726 293 821 ταχέας.
325 761 326 764 ’

145 849 198 916 28.
227 840 419 937 *περιπαθῶς
434 841 663 934 ἀναπεφώνηται
682 842 716 915 τδ
733 842 823 938 όνομα
839 853 890 916 τοῦ
908 843 1099 942 Πατρόκλου.
1259 872 1277 929 5

147 955 270 1052 *δμωαὶ
287 957 311 1030 δ’
329 955 367 1039 ἃς
378 958 524 1056 Ἀχιλεὺς
541 957 711 1058 ληίσσατο]
727 956 765 1042 &if
782 960 816 1032 ἔκ
830 961 1068 1057 λαφυραηυγίας
1082 961 1244 1050 ε’κτήσατο.

150 1101 202 1167 33.
228 1075 286 1147 ὅδ’
303 1074 405 1148 έστενε
428 1076 592 1168 κυδάλιμον
610 1076 680 1176 κῆρ]
704 1085 790 1150 τοῦτο
816 1076 865 1149 διδ
890 1076 999 1170 μέσον.
1035 1075 1069 1149 τδ
1094 1076 1154 1173 ηδιρ
1177 1079 1244 1166 έξής

94 1200 117 1231 “
128 1199 236 1286 χεῖρας
252 1190 328 1288 έχων
344 1191 503 1290 Ἀχιλήος·
531 1193 622 1266 δειδιε
639 1199 734 1290 ηάρ.”
797 1271 800 1276 ,

144 1335 199 1400 34.
227 1306 450 1408 *ἀποτμήξειε]
471 1307 559 1391 οθτονς
576 1311 749 1399 Ζηνόδοτος.
780 1308 985 1408 Ἀρίσταρχος
1001 1309 1222 1404 ἀπαμήσειε.

145 1419 239 1495 δείδιε
256 1424 316 1523 γδιρ
333 1425 378 1517 μή
400 1425 525 1525 λαιμόν]
549 1425 594 1498 ότι
618 1426 807 1520 ἀμφίβολον,
831 1427 876 1519 μή
899 1424 948 1499 τδν
972 1427 1077 1498 ἑαυτοῦ
1102 1425 1211 1520 λαιμδν
1231 1429 1299 1502 0‘10

94 1529 275 1636 Ἀχιλλεὺς,
293 1540 312 1632 ή
330 1540 380 1614 τδν
394 1540 585 1639 Ἀντιλόχου.

145 1665 200 1750 36.
227 1659 320 1753 ήμένη
338 1659 366 1730 ε’ν
388 1659 547 1745 βένθεσσιν
572 1658 661 1760 οἱλός]
687 1659 772 1732 α’ίλλα
798 1657 954 1733 ἐπεισόδια
980 1661 1082 1731 καινοί·
1110 1656 1161 1733 καὶ
1186 1659 1245 1733 οἷτδ

93 1783 150 1863 τῆς
166 1784 224 1870 ηής
242 1773 292 1847 καὶ
311 1775 358 1848 {a}
376 1780 530 1849 θάλατταν
547 1778 715 1875 μεταφέρει
732 1775 766 1850 τδ
783 1777 891 1858 πένθος.

145 1919 198 1985 39.
225 1894 240 1964 θ
263 1901 317 1964 τῶν
341 1891 492 1991 Νηρεθδοιν
516 1893 604 1991 χορδς
626 1893 824 1986 προηθέτητοιι
851 1890 902 1965 καὶ
927 1893 1009 1990 παρδι
1034 1890 1184 1989 Ζηνοδότερ
1209 1891 1245 1970 ὦς

92 2006 267 2082 Ἡσιόδειον
290 2008 365 2107 έχων
387 2019 574 2108 χαρακτῆρα·
597 2011 737 2106 Ὅμηρος
761 2009 821 2106 γδιρ
846 2009 926 2082 κατδι
947 2007 981 2080 τδ
1007 2007 1097 2082 κοιυδν
1114 2006 1245 2090 Μοτίσας
1261 2036 1299 2097 15

93 2123 180 2218 λέγει
205 2121 257 2197 καὶ
283 2125 467 2214 Εἰλειθυίας,
490 2127 559 2198 ἀλλ’
590 2125 641 2199 ον’κ
666 2125 808 2220 θνόματα.
842 2125 960 2222 γελοῖόν
987 2159 1021 2198 τε
1049 2127 1080 2210 ἕξ
1105 2124 1246 2218 όνόματος

93 2243 264 2337 προθέμενον
289 2242 382 2314 εἰπεῖν
407 2245 520 2328 πόσας,
547 2240 648 2340 ὥσπερ
673 2241 868 2334 ἀποκαμόυτα
894 2242 987 2315 εἰπεῖν
1013 2243 1140 2314 “iaaac
1166 2241 1191 2312 δ’
1213 2241 1248 2312 αἱ

93 2359 175 2430 κατδι
200 2358 302 2445 βένθος
325 2356 400 2440 ἁλδς
416 2358 571 2455 Νηρηίδες
597 2358 701 2448 ήσαν.”
736 2361 751 2430 o‘
771 2358 803 2431 δὲ
824 2354 1063 2455 Καλλίστρατος
1080 2357 1145 2430 οὐδὲ
1163 2356 1191 2428 έν
1208 2365 1246 2457 τῇ

91 2473 267 2574 Ἀργολικῇ,
278 2472 375 2568 φησὶν
395 2475 502 2557 αὖτοὺς
520 2475 678 2572 φέρεσθαι.
713 2473 751 2546 τό
768 2509 801 2548 τε
820 2473 885 2547 ’ἔνθα
903 2473 970 2546 α’ότε
988 2472 1087 2570 χρόνον
1104 2471 1245 2568 σημαίνει

93 2590 165 2665 οὔτε
181 2590 277 2679 τόπον,
297 2589 497 2666 διακόπτεταί
509 2626 541 2666 τε
564 2596 583 2683 ή
602 2593 682 2680 λόπη
700 2601 740 2692 τῷ
758 2591 928 2691 καταλόγῳ.
1261 2622 1299 2662 20

145 2708 242 2781 ένθαδε
269 2708 409 2808 έβοίρυνεν
435 2712 450 2781 ὅ
475 2708 679 2805 Ἀρίσταρχος
703 2708 736 2782 τδ
760 2709 921 2797 Γλαόκη,
947 2708 989 2788 εἷς
1014 2708 1173 2804 ἀποφυγήν
1193 2716 1245 2780 τοῖν

93 2826 258 2898 έπιθετικοῖι
275 2834 328 2898 τοῦ
346 2836 368 2868 “
379 2828 499 2921 ηλαυκή
517 2828 549 2900 δέ
567 2825 596 2898 α’
611 2826 708 2900 έτικτε
726 2828 897 2898 θοίλασσα”
915 2831 970 2920 (Π.
986 2834 1034 2911 16,
1047 2828 1116 2920 34).
1147 2822 1196 2896 ε’πδ
1213 2824 1244 2895 δὲ

92 2951 145 3016 τοῦ
163 2946 359 3040 Νημερτής
376 2977 415 3017 τε
434 2942 494 3016 καὶ
510 2944 687 3033 Ἀνθενδής
705 2943 756 3016 οὐκ
775 2942 937 3034 ἐποιήσατο
958 2942 1135 3036 μεταβολήν
1152 2938 1234 3013 τόνον

93 3058 212 3153 ἐ’φαμεν
229 3058 260 3132 δὲ
277 3059 332 3151 ήδη
347 3059 414 3160 περὶ
432 3071 487 3133 τῶν
504 3061 649 3134 τοιοότυν.

143 3204 195 3266 40.
222 3173 288 3264 Θόη
312 3175 335 3248 θ’
358 3177 449 3268 Ἀλίη
473 3211 507 3250 τε
525 3175 654 3276 βοῶπις]
670 3174 728 3247 οἷπδ
745 3183 798 3248 τοῦ
814 3174 836 3247 α
852 3175 905 3264 τήν
922 3175 1017 3272 οἷρχήν
1034 3183 1086 3247 τοῦ
1103 3171 1245 3269 α’νόματος
1261 3202 1298 3262 25

92 3293 142 3366 δεῖ
153 3300 312 3366 ποιεῖσθαι·
340 3295 442 3367 οἷκεῒον
458 3294 517 3392 ηδιρ
536 3295 659 3391 Νηρεΐδι
678 3292 759 3390 παρδι
777 3293 830 3380 τήν
847 3290 910 3362 ἅλα
926 3297 1088 3388 παρήχθαι.

145 3407 377 3508 *Ἀρίσταρχος
395 3410 486 3511 χωρὶς
503 3421 555 3484 τοῦ
572 3408 588 3485 θ
613 3409 693 3483 Ἁλί
694 3443 725 3500 η,
746 3409 829 3506 παρδι
847 3409 899 3497 τήν
915 3405 989 3481 όολα.

101 3552 110 3569 ⁰
143 3549 194 3621 53.
222 3525 357 3626 *είδετ’]
382 3529 448 3599 οἷντδ
466 3538 518 3602 τοῦ
536 3529 644 3620 εἷδήτε.

147 3638 233 3731 *ένιΊ
259 3641 486 3742 Ἀριστοφάνης
509 3644 569 3718 έπδ
591 3646 712 3736 κήδεα.

144 3783 196 3852 54.
224 3759 506 3860 δυσαριστοτόκεια]
533 3763 567 3836 εἰ(
591 3773 675 3859 τριῶν
702 3761 847 3849 σθνθετον,
873 3761 910 3841 ὧς
937 3756 970 3830 τδ
996 3755 1244 3856 ἀμιτροχίτωνας.
1259 3785 1298 3843 3ο

136 4015 162 4073 3.
196 3992 299 4077 ipmm]
328 3999 442 4070 ήρωιστί.
480 3997 648 4058 Correctum
690 3999 740 4057 sed
754 4017 843 4075 Supra
856 3999 1016 4072 ἀποτμήξειε.

93 4099 131 4138 ex
151 4077 307 4155 Apollonio
328 4078 360 4136 in
381 4080 473 4138 Bekk.
491 4080 604 4140 Aneed.
619 4101 647 4158 p.
734 4095 779 4154 15.
801 4076 960 4159 Ἡσιόδειον]
975 4080 1091 4149 ήσιόδιου

96 4175 165 4236 522,
180 4173 216 4234 15
228 4157 349 4236 aliisque
362 4163 558 4239 grammaticis
572 4163 648 4221 indi·
736 4176 780 4236 17.
802 4157 892 4240 εἰπεῖν]
907 4163 1011 4234 ἐπάγειν
1024 4158 1123 4218 Lahrs.
1139 4156 1245 4216 collato

93 4242 165 4301 eatis
179 4240 210 4298 in
224 4240 308 4300 Thes.
322 4243 379 4302 vol.
396 4263 414 4316 4
428 4263 458 4320 p.
475 4259 543 4319 549.
689 4241 845 4302 Eustathio
859 4261 888 4318 p.
907 4260 992 4318 1131,
1011 4259 1057 4316 23·

134 4325 264 4396 ταχεοστλ
283 4323 383 4382 addidi
401 4345 438 4384 ex
455 4324 649 4403 grammaticis
733 4338 779 4400 οη.
800 4319 888 4406 Ἀλίη]
903 4327 977 4380 άλεια
990 4319 1056 4401 (sic)

94 4405 202 4465 ibidem
216 4402 360 4465 indicatis.
734 4410 780 4465 28.
802 4401 896 4485 εἷδῆτε]
911 4404 991 4476 εἶδητε

135 4509 162 4564 9.
184 4482 214 4548 οἶν
228 4467 287 4559 (qvi
299 4488 324 4546 A
338 4508 395 4548 non
409 4488 440 4546 in
451 4508 542 4566 marg.
554 4487 647 4559 inter„
