2954 4936
498 213 669 274 ιλικλου
701 216 741 276 τι.
772 213 857 297 (16)
1193 211 1254 273 121

496 362 696 390 *eaeu
891 363 902 391 Ι
1058 362 1171 390 ἱῖΙ

100 360 171 459 περὶ
200 373 256 435 τῶν
283 365 427 447 τοιούτων,
454 396 504 435 και
531 397 568 443 ως
596 397 625 436 εν
653 398 695 463 τῳ
727 397 990 464 κυπαρισσοκομος
1016 396 1067 437 και
1098 383 1259 460 ουλυκομος

103 481 399 579 προπαροξυνομένοις
417 484 436 570 ῆ
453 479 531 573 κύμη
549 479 698 577 ἔγκειται.

156 604 176 667 8
259 594 299 642 *el
375 595 384 622 λ
437 608 452 624 η
499 594 553 622 ’λ
607 595 654 624 ut!

177 625 230 670 01.
287 631 334 670 οτι
351 629 386 668 τυ
403 629 473 669 παν
489 629 553 669 αντι
572 630 623 670 του
642 615 717 671 ολσν.

158 711 262 786 *ούτω
279 726 337 787 πᾶν
354 714 387 788 δέ
404 715 440 789 οἱ.
473 715 500 787 ἔν
518 713 549 786 δέ
567 747 632 788 τισι
650 724 691 815 τῷ
709 715 741 788 δέ
757 716 795 787 οἵ.

157 840 232 922 807.
260 831 304 903 ύτι
323 830 485 920 Ζηνοδοτος
501 833 615 927 γράφει
639 828 777 928 σχεδδν,
797 830 929 920 ούτασε
951 833 1138 932 Δάρδανος
1162 831 1291 928 άνῆρ.5

103 949 211 1044 άγνοεῖ
223 949 254 1022 δὲ
271 947 316 1020 θτι
334 950 368 1020 ἐκ
385 956 483 1042 βολῆς
501 949 656 1043 τέτρωται,
673 950 707 1030 ὦς
728 948 777 1022 διδι
794 959 851 1022 τῶν
868 951 935 1040 ἑξῆς
953 950 1099 1023 δείκνυται
1123 961 1143 992 “
1159 947 1197 1030 ύνς
1213 980 1258 1020 τοι

104 1074 219 1162 πρῶτος
237 1066 331 1156 ἐφῆκε
349 1066 469 1151 βέλυς”
490 1071 588 1155 (812).

159 1191 233 1256 810.
260 1180 347 1280 ποτε]
363 1182 412 1254 διδι
430 1190 481 1255 τοῦ
497 1188 517 1252 τ
534 1183 570 1254 αι’
581 1185 800 1281 Ἀριστάρχου,
818 1181 869 1256 καὶ
889 1184 948 1282 γδιρ
966 1183 1001 1272 δῆ
1025 1180 1119 1266 τάτε,
1145 1184 1182 1263 ὥς
1205 1191 1260 1254 τῶν

105 1296 176 1372 τύτε
199 1296 388 1392 μελετύντων
412 1299 465 1387 τῆν
481 1298 619 1389 τοιαύτην
636 1299 767 1389 άσκησιν
785 1296 864 1374 ι’ύστε
886 1299 936 1374 τδν
952 1299 1166 1373 άντελαύνοντα
1189 1301 1259 1370 άνα-

106 1419 216 1513 τρέψαι
234 1413 292 1487 αἰπδ
310 1424 361 1487 τού
379 1416 546 1512 σ’χῆματος.
1276 1449 1313 1488 το

158 1533 204 1606 ύτι
231 1532 352 1621 σύνηθες
373 1531 408 1623 ῆν
430 1543 493 1614 τοῖς
518 1532 659 1629 άρχαίοις
683 1537 923 1629 ἁρματομαχεΐν,
953 1533 1188 1630 ἔσφαιρωμέυοις
1214 1532 1262 1606 δύ-

106 1683 179 1753 ρασι
201 1650 381 1746 χρωμένους,
400 1645 453 1723 καί
477 1651 650 1747 ἀνατρέπειν
675 1649 710 1722 ἔκ
735 1661 790 1723 τῶν
813 1653 984 1748 ὀχημάτων.
1020 1653 1086 1724 ὅδὲ
1103 1651 1261 1732 Διονύσιος

108 1768 162 1840 υύκ
188 1766 236 1839 ἐπὶ
261 1767 406 1862 μελέτης,
425 1769 494 1839 ἀλλ’
518 1766 563 1838 θτι
586 1767 699 1840 ἀνεῖλεν
723 1766 777 1864 πρδ
799 1777 854 1840 τῶν
871 1768 985 1864 άγιύνων
1008 1760 1059 1840 καί
1082 1779 1194 1866 πρῶτος
1217 1769 1261 1846 είς

108 1882 239 1978 πύλεμον
263 1883 508 1980 παραγενάμενος.

161 2010 236 2076 811.
266 1999 328 2072 *ιδ
347 2001 409 2072 σύν
430 2001 753 2098 θχεσφινὲκατέροις
770 1999 891 2074 δύναται
909 1999 1132 2100 προσδιδοσθαι.
1220 2092 1223 2111 Ι
1276 2036 1312 2096 15

160 2125 235 2193 812.
261 2117 306 2190 άτι
324 2118 482 2203 βέβληται
502 2115 553 2190 καί
570 2117 622 2190 ούκ
639 2116 797 2202 ούτασται,
815 2118 854 2201 ὥς
870 2116 1039 2208 Ζηνοδοτος.
1076 2120 1170 2206 βέλος
1191 2127 1260 2216 γοῦν

107 2237 236 2324 κέκληκε
254 2236 304 2307 διδι
321 2238 353 2306 τὸ
372 2243 560 2324 βεβλῆσθαι.
596 2231 648 2306 καὶ
665 2232 737 2332 πρδς
754 2237 807 2322 τῆν
824 2236 1028 2335 άποστροφῆν.

160 2361 235 2447 819.
262 2352 334 2424 *ύτι
354 2351 497 2448 ὅμύλογον
513 2361 555 2450 τῷ
572 2359 751 2441 βεβλῆσθαι
768 2351 865 2428 αύτού,

161 2479 235 2545 822.
262 2468 419 2569 δούπησεν]
444 2469 488 2542 θ’τι
507 2469 540 2541 ἔκ
556 2479 612 2540 τῶν
628 2468 763 2542 τοιούτων
779 2468 956 2554 ἀπεδέξαντο
974 2470 1002 2542 οἷ
1016 2472 1257 2566 γλωσσογράφοι

108 2586 143 2661 τδ
170 2588 314 2675 δουπῆσαι
340 2585 370 2660 ’ἓν
387 2586 450 2658 ἀνθ’
469 2583 530 2666 ένδς
552 2584 618 2657 ἀντὶ
641 2594 693 2658 τού
714 2585 877 2660 ἀποθανεῖν.
912 2587 1050 2682 ἀγνοοῦσι
1077 2588 1108 2660 δὲ
1134 2587 1179 2660 ’θτι
1207 2585 1259 2659 ούκ
1276 2629 1313 2670 20

110 2703 159 2778 ἐπὶ
191 2703 301 2784 παντδς
331 2706 455 2777 θανάτου
482 2706 595 2776 τάσσει
624 2703 677 2792 τῆν
707 2703 797 2794 λέξιν,
829 2702 901 2775 ἀλλ’
928 2701 976 2775 έπῖ
1002 2714 1057 2776 τῶν
1084 2704 1112 2776 έν
1138 2703 1260 2802 πολέμῳ

108 2819 272 2893 πιπτάντων
288 2821 339 2892 διδι
355 2819 404 2892 τδν
421 2827 693 2920 παρακολουθοῦντα
709 2818 807 2911 ψάφον
824 2819 858 2892 έκ
875 2829 930 2894 τῶν
946 2819 1052 2894 άπλων.

162 2947 236 3028 827.
274 2933 436 3031 πέφνοντα]
466 2925 505 3019 ὦς
539 2937 692 3030 τέμνοντα·
727 2935 817 3017 ούτως
845 2935 896 3008 καὶ
924 2936 1141 3036 Ἀρίσταρχος.
1186 2939 1200 3009 o‘
1228 2937 1260 3009 δέ

108 3053 271 3151 Τυραννίων
300 3057 450 3156 παροξύνει
481 3058 518 3137 ὧς
547 3052 696 3142 λαβύντα,
725 3054 857 3151 δεύτερον
889 3055 1026 3151 άάριστον
1056 3055 1258 3152 ἔκδεχάμενος.

109 3171 201 3254 ούτως
223 3174 255 3247 δὲ
278 3173 328 3246 καί
349 3175 402 3259 τῆν
420 3174 531 3246 εύθεῖαν
548 3174 639 3258 σ’ξύνει
658 3175 694 3266 (“
705 3182 758 3269 κῆρ
777 3173 869 3268 άχεος
891 3175 1033 3268 μεθέηκα,
1051 3173 1187 3272 χερείονά
1204 3207 1259 3274 περ
1275 3208 1312 3270 25

111 3289 335 3380 καταπεφνιύν”
361 3298 403 3364 Il.
419 3313 469 3381 17,
486 3295 578 3386 539),
604 3297 657 3362 τοῦ
681 3287 887 3388 Ἀριστάρχου
912 3291 1096 3388 βαρύνοντος.
1131 3289 1185 3365 καί
1207 3325 1258 3387 μοι

110 3410 194 3481 δοκεῖ
207 3412 222 3481 o‘
238 3405 401 3504 Τυραννίων
418 3408 498 3506 λύγῳ
516 3408 599 3504 ύγιεῖ
610 3414 752 3503 χρῆσθαι.
776 3407 804 3480 εἷ
820 3409 879 3506 γδιρ
896 3409 997 3499 τέφνω
1014 3408 1136 3499 πέφνεις
1154 3411 1259 3500 πέφνει

111 3525 143 3598 ού
162 3526 299 3620 λέγομεν,
318 3526 521 3606 ύποτακτικῶς
541 3525 572 3599 δὲ
589 3527 690 3617 πέφνω
710 3525 827 3624 πέφνῃς
845 3525 945 3626 πέφνῃ
970 3523 1021 3597 καὶ
1048 3536 1070 3568 “
1081 3528 1176 3615 πέφνε
1200 3526 1260 3621 γδιρ

109 3642 268 3736 Ὀθρυονῆα
281 3643 300 3670 ”
328 3645 456 3737 (11.13,
482 3645 572 3736 363),
599 3639 651 3714 καὶ
677 3640 745 3716 έστι
772 3643 907 3740 δεύτερος
932 3641 1070 3739 άύριστος
1097 3644 1135 3724 ὧς
1160 3641 1260 3727 έλαβε
1305 3677 1307 3681 ·

111 3763 201 3846 λάβω
218 3763 322 3862 λάβῃς
344 3763 442 3860 λάβῃ,
460 3761 546 3850 δῆλον
563 3757 608 3832 θτι
632 3754 792 3853 σ’φείλομεν
809 3757 861 3832 καὶ
885 3761 936 3849 τῆν
952 3760 1086 3856 μετοχῆν
1102 3758 1219 3843 ν’ξύνειν.
1246 3761 1260 3830 o‘
1275 3790 1314 3846 30

110 3876 212 3973 μέντοι
230 3875 431 3976 Ἀρίσταρχος
449 3875 499 3949 καὶ
517 3885 558 3976 τῷ
575 3885 744 3973 χαρακτῆρι
763 3886 817 3966 τῆς
834 3886 932 3970 φωνῆς
951 3873 1084 3964 ἐπείσθη,
1102 3874 1153 3948 καὶ
1171 3873 1261 3956 ούτως

292 3990 623 4021 ’xxo’-

112 3995 260 4092 ἔβάρυνεν.
287 4027 351 4067 επει
372 4027 432 4092 γαρ
450 4027 481 4065 αι
507 4027 551 4075 εις
571 4026 622 4066 νων
640 3993 784 4089 λέγουσαι
802 3989 944 4090 μετοχαδ,
962 3990 1088 4088 έχουσαι
1106 3991 1160 4092 πρδ
1177 4000 1228 4065 τοῦ
1246 3997 1262 4063 ν

156 4258 182 4314 9.
221 4241 365 4315 ἀνατρέψαι
407 4237 570 4322 Bekkerus]
608 4243 667 4298 ἅνα-
707 4241 873 4314 ρεξεδέξαντο
887 4238 1024 4299 CobetUS.

112 4323 228 4396 στρέψαι
752 4341 797 4382 22.
817 4327 960 4381 πιπτόντων
973 4317 1137 4402 Bekkerus]
1152 4345 1274 4381 πυκτευ··

158 4421 204 4478 13.
225 4405 276 4477 πρὸ
296 4410 346 4459 τῶν
360 4397 475 4485 ἀγώνων]
490 4404 570 4478 πρῶτ’
587 4403 664 4478 ἆγών’
706 4408 786 4460 όντων

157 4503 203 4563 19.
224 4482 392 4565 ἀπεδέξαντο]
410 4487 587 4556 ammiano.
616 4509 666 4542 πα·
747 4488 841 4560 ψόφον
855 4481 1018 4566 Bekkerus]
1034 4489 1121 4560 φόβον
