2954 4936
147 206 214 269 384
607 203 840 268 ADDENDA.

187 380 238 446 33.
255 381 284 445 3.
308 359 487 424 Delendum
510 359 559 435 ὥς,
587 358 671 442 quod
692 381 756 423 non
778 357 882 422 estin
904 359 944 437 A,
962 359 1015 421 sed
1038 357 1154 422 lemma
1171 357 1246 437 ήλθε
1269 357 1293 422 δ’

144 461 255 543 Ἀθήνη
272 465 442 543 οὐρανόθεν.

185 585 238 646 40.
256 567 285 629 8.
309 565 388 629 Dele
403 565 447 645 ἥν,
465 564 549 648 quod
564 568 647 627 recte
663 563 818 626 omittunt
832 562 887 626 alii
904 561 988 626 libri.

183 685 236 754 4.5
183 669 304 748 4.28
327 667 399 750 πρὸς
422 671 457 731 τὰ
479 669 545 749 περὶ
569 674 690 747 Πυλοιμ
692 663 788 755 ένους]
813 665 904 730 Conf.
924 672 1033 730 annot.
1036 667 1148 750 adp.
1168 687 1195 744 1,
1221 672 1292 747 7et

144 791 285 857 133,11.

184 874 238 955 48.
264 894 291 940 2.
329 877 374 939 δτι
401 877 564 954 Ζηνόδοτος
587 874 696 956 γράφει
718 876 820 956 χείρος
842 870 988 961 ἀναστάς]
1019 836 1112 938 lianc
1142 874 1291 938 vitiosam

118 964 122 971 ¹
139 977 293 1042 librorum
312 980 508 1061 quorundam
528 977 715 1060 scripturam
730 975 836 1055 fuisse,
851 975 1008 1040 detortam
1023 999 1062 1039 ex
1075 976 1149 1059 χεῖρ’
1167 979 1291 1040 ἀναπιτ-

141 1082 202 1158 νάς,
225 1081 361 1145 coniccit
384 1081 521 1146 Cobetus
544 1080 667 1143 Mnem.
688 1101 759 1144 nov.
777 1098 795 1147 2
811 1102 842 1163 p.
861 1078 933 1163 189,
949 1079 1065 1152 collato⁵
1079 1079 1139 1143 Od.
1160 1100 1210 1156 11,
1226 1098 1290 1165 392

140 1188 245 1251 πιτνὰς
260 1187 302 1251 εἷς
317 1185 369 1264 ἐμὲ
384 1191 496 1269 χεῖρας.

182 1305 235 1372 59.
249 1306 300 1368 24,
317 1306 368 1371 25.
392 1287 478 1350 Pone
503 1291 658 1370 punctum
682 1290 754 1370 post
775 1283 871 1362 Ὧρος
895 1288 937 1368 (v.
963 1285 1098 1360 Praefat.
1124 1309 1155 1368 p.
1171 1285 1240 1367 xiii)
1256 1292 1290 1349 et

139 1387 207 1452 dele
222 1411 345 1452 comma
359 1395 431 1472 post
446 1391 638 1469 παρωνύμων.

184 1496 235 1556 61.
248 1513 278 1578 3.
302 1494 341 1555 In
355 1498 462 1555 annot.
478 1513 534 1575 pro
549 1491 589 1571 μή
605 1518 641 1556 σε
656 1490 750 1570 νοήση
765 1491 846 1574 lege,
865 1490 997 1553 Lemma
1011 1490 1051 1569 μή
1068 1508 1104 1554 σε
1116 1490 1219 1578 νοήσῃ.

183 1596 234 1680 63.
263 1611 291 1677 7.
320 1596 372 1658 66.
403 1610 454 1675 27.
482 1593 533 1656 68.
563 1612 612 1672 14.
648 1594 736 1658 Haec
758 1593 841 1657 inter
861 1594 1050 1678 glossemata
1072 1593 1288 1658 interlinearis

138 1703 283 1786 ponenda
297 1707 396 1766 erant.
1096 1710 1116 1774 ξ»

183 1805 235 1890 63.
252 1819 303 1885 27.
328 1795 411 1866 Sunt
433 1802 601 1886 glossemat
602 1825 622 1866 a
588 1801 862 1879 tintorlinearia,
878 1823 1012 1885 quorum
1034 1803 1080 1866 alt
1067 1810 1180 1881 t,erum
1195 1810 1288 1867 σολυ-

138 1909 310 1989 ττρογμόνει,
327 1911 448 1989 spectat
464 1906 504 1969 ad
519 1905 663 1984 μετάλλα.

182 2011 299 2096 6329.
322 2005 500 2096 ἐμφατικδν]
518 2010 740 2090 ’““ἐμῷαντιιεόινΙ
764 2007 848 2091 quod
869 2009 1060 2090 probabilius
1074 2014 1107 2072 et
1115 2008 1199 2072 alibi
1220 2008 1287 2091 ple·

138 2138 330 2200 rumque(
291 2116 340 2198 leg,
330 2116 419 2179 itur.
464 2115 514 2176 De
534 2119 668 2197 utroque
682 2135 713 2177 v.
728 2112 819 2176 Thes.
834 2112 895 2176 vol.
912 2134 978 2198 3p.
995 2115 1177 2200 932-936.
1210 2115 1287 2178 Fre·

138 2240 236 2302 quens
251 2218 286 2281 in
302 2217 429 2283 scholiis
445 2216 623 2280 Homericis
638 2216 754 2280 locutio
774 2221 892 2296 μᾶλλον
906 2219 1001 2298 ἐμφοί
1001 2244 1052 2295 νει,
1069 2217 1251 2303 2322782228
1239 2240 1288 2280 ινιτ

138 2330 190 2400 ert,
169 2323 298 2386 velut
312 2323 374 2386 vol
393 2343 457 2405 1p.
477 2321 547 2398 118,
564 2321 594 2383 6.
611 2319 672 2386 vol.
690 2339 761 2404 2p
779 2320 828 2398 18,
846 2340 897 2406 23.
914 2325 964 2406 83,
981 2342 1033 2406 33.
1051 2321 1148 2398 8846.
1165 2340 1216 2405 92,
1236 2341 1285 2384 10.

141 2446 212 2511 103,
233 2426 281 2490 18.
300 2427 439 2503 160,10.
458 2445 530 2510 239,
548 2444 600 2502 24.
1090 2461 1106 2483 .

178 2530 230 2593 66.
249 2529 278 2592 8.
301 2529 373 2611 πρὸς
400 2528 433 2591 τὸ
460 2525 545 2615 αὐτό]
575 2528 705 2609 Spectat
730 2527 770 2590 ad
796 2527 936 2591 scholion
962 2551 992 2591 v.
1020 2542 1093 2634 572.
1141 2527 1224 2594 Ibid.
1250 2528 1299 2590 in'

137 2638 245 2696 annot.
260 2655 317 2716 pro
332 2648 374 2716 52
390 2631 511 2714 corrige
527 2644 600 2714 57..

181 2735 429 2818 67.4,5.1)212
456 2733 550 2797 verba
572 2755 611 2796 cx
633 2733 700 2797 cod.
726 2732 811 2817 Lips.
834 2732 983 2797 illata
945 2760 1040 2798 ποσοι
1063 2736 1284 2818 ἑνικῶς-χειρὶ

138 2838 317 2904 κύπελλον.”
965 2820 971 2829 ³

182 2957 232 3022 71.
252 2962 280 3008 2.
303 2938 434 3029 τελέσει]
453 2941 505 3003 Sic
521 2941 560 3016 A,
574 2939 628 3002 sed
643 2939 841 3003 scribendum
856 2962 929 3003 cum
945 2942 1134 3025 apostrophe
1150 2941 1284 3005 τελέσει’.

181 3060 283 3126 72.1.
306 3040 460 3131 ἀόριστον]
487 3044 539 3106 Sic
560 3042 705 3106 Villois.:
728 3043 765 3105 in
778 3045 810 3107 A
825 3044 974 3196 ἀορίστου,
991 3044 1066 3108 licet
1087 3045 1284 3108 accusativus

136 3148 329 3230 praecedat
316 3153 474 3211 ενεστῶτο.
564 3160 569 3168 “

181 3270 231 3333 72.
248 3271 291 3331 4-
270 3251 322 3314 6.
347 3249 403 3313 Bis
418 3250 477 3314 hoo
493 3251 632 3314 scholion
647 3251 825 3334 scriptum
816 3273 853 3313 1n
867 3251 1059 3334 A,q1uloco
1074 3251 1176 3334 priore
1189 3253 1286 3316 habet

136 3354 273 3418 στικτέον
292 3357 324 3418 δὲ
344 3357 416 3418 κατὰ
438 3380 472 3417 το
460 3354 578 3420 τέλος
595 3379 648 3417 του
633 3357 778 3436 στίχου·
810 3355 1005 3435 περίοδον
971 3381 1027 3435 γαρ
1050 3357 1224 3434 otforda*
1209 3381 1283 3438 εχει,

134 3457 234 3522 altero
249 3457 382 3521 στικτέον
398 3462 471 3520 κατὰ
487 3457 579 3524 τέλος·
603 3460 787 3539 περίοδον
753 3483 809 3538 γορ
824 3459 999 3537 αὐτοτελῆ
986 3485 1001 3520 ο
1019 3460 1120 3541 στίχος
1138 3460 1209 3541 ἔχει.

179 3576 230 3643 74.
246 3581 294 3644 15.
318 3561 396 3624 Dcle
411 3561 445 3624 τὸ
460 3559 575 3638 δέξατο,
591 3561 674 3643 quod
689 3582 729 3624 ex
741 3559 803 3623 alio
822 3559 958 3644 irrepsit.

179 3666 230 3743 84.
249 3684 301 3748 31.
326 3663 368 3725 In
383 3669 490 3727 annot.
507 3663 624 3727 excidit
640 3663 807 3726 asteriscus
821 3669 896 3727 ante
912 3666 1101 3744 παρίστησιν.

46 3802 51 3809 ·
178 3767 230 3853 85.
251 3786 300 3831 11.
323 3769 409 3832 Ante
424 3769 501 3847 ῥῆμα
516 3766 633 3831 excidit
648 3767 676 3847 ἥ,
693 3767 776 3850 quod
792 3765 942 3831 Lehrsius
957 3767 1089 3832 addidit.
1119 3769 1160 3830 In
1174 3775 1281 3831 annot.

133 3892 190 3954 pro
206 3874 330 3950 ballovius
345 3871 466 3954 corrige
482 3876 636 3948 δηλοΰσοι.

178 3973 228 4039 86.
243 3994 274 4054 4.
298 3974 359 4037 Pro
376 3974 522 4037 asterisco
538 3996 619 4058 pone
635 3976 689 4037 ὅτι.
734 3973 783 4038 Ib.
799 3974 856 4037 lin.
876 3974 914 4037 18
933 3976 1099 4055 κοινότερον
1114 3973 1282 4037 Villoisoni

131 4072 333 4162 interpolatio
348 4082 396 4140 est
411 4098 468 4160 pro
484 4079 687 4159 κυμικώτερον,
702 4099 759 4159 pro
782 4099 843 4161 quo
864 4082 947 4141 recte
962 4076 1127 4141 Bekkcrus
1150 4080 1281 4157 κωμικό-

133 4200 228 4259 τερον.

176 4281 227 4364 87.
240 4305 270 4370 3.
293 4285 474 4369 συνδέσμου]
493 4285 624 4370 corrige
640 4285 816 4365 συνδέσμου.

176 4385 228 4450 88.
247 4406 295 4466 12,
316 4409 364 4472 13.
389 4389 460 4452 Ηοο
479 4389 620 4454 scholion
634 4391 742 4454 subter
756 4411 881 4452 versum
896 4389 1058 4472 scriptum,
1075 4388 1130 4472 qui
1146 4387 1280 4472 paginae

132 4482 264 4554 ultimus
279 4496 335 4555 cst.
