<?xml version="1.0" encoding="UTF-8"?>
<!DOCTYPE html PUBLIC "-//W3C//DTD XHTML 1.0 Transitional//EN"
    "http://www.w3.org/TR/xhtml1/DTD/xhtml1-transitional.dtd">
<html xmlns="http://www.w3.org/1999/xhtml" xml:lang="en" lang="en">
 <head>
  <title>
</title>
<meta http-equiv="Content-Type" content="text/html;charset=utf-8" />
  <meta name='ocr-system' content='tesseract 3.04.00' />
  <meta name='ocr-capabilities' content='ocr_page ocr_carea ocr_par ocr_line ocrx_word'/>
</head>
<body>
  <div class='ocr_page' id='page_1' title='image "./scholiagraecain05dindgoog_0085.png"; bbox 0 0 2954 4936; ppageno 0'>
   <div class='ocr_carea' id='block_1_1' title="bbox 538 213 1288 296">
    <p class='ocr_par' dir='ltr' id='par_1_1' title="bbox 538 213 1288 296">
     <span class='ocr_line' id='line_1_1' title="bbox 538 213 1288 296; baseline 0.003 -23"><span class='ocrx_word' id='word_1_1' title='bbox 538 216 770 276; x_wconf 79' lang='lat' dir='ltr'><strong>1A1AA0211</strong></span> <span class='ocrx_word' id='word_1_2' title='bbox 740 214 899 296; x_wconf 72' lang='grc' dir='ltr'>ινιιεν)</span> <span class='ocrx_word' id='word_1_3' title='bbox 1247 213 1288 278; x_wconf 85' lang='lat'>91</span> 
     </span>
    </p>
   </div>
   <div class='ocr_carea' id='block_1_2' title="bbox 137 362 1292 623">
    <p class='ocr_par' dir='ltr' id='par_1_2' title="bbox 137 362 1292 584">
     <span class='ocr_line' id='line_1_2' title="bbox 137 362 1292 511; baseline 0.004 -76"><span class='ocrx_word' id='word_1_4' title='bbox 137 362 309 462; x_wconf 81' lang='grc' dir='ltr'>έλαφρδιδ</span> <span class='ocrx_word' id='word_1_5' title='bbox 296 365 433 511; x_wconf 85' lang='grc' dir='ltr'>εέχουσι</span> <span class='ocrx_word' id='word_1_6' title='bbox 451 399 501 438; x_wconf 88' lang='grc' dir='ltr'>και</span> <span class='ocrx_word' id='word_1_7' title='bbox 493 365 690 464; x_wconf 76' lang='grc' dir='ltr'>νευράδη</span> <span class='ocrx_word' id='word_1_8' title='bbox 656 400 697 439; x_wconf 87' lang='grc' dir='ltr'>τοι</span> <span class='ocrx_word' id='word_1_9' title='bbox 721 367 816 456; x_wconf 89' lang='grc' dir='ltr'>σκέλη</span> <span class='ocrx_word' id='word_1_10' title='bbox 840 368 876 440; x_wconf 81' lang='grc' dir='ltr'>αἶ</span> <span class='ocrx_word' id='word_1_11' title='bbox 896 400 991 463; x_wconf 85' lang='grc' dir='ltr'>αιγες.</span> <span class='ocrx_word' id='word_1_12' title='bbox 1019 401 1044 440; x_wconf 91' lang='grc' dir='ltr'>οι</span> <span class='ocrx_word' id='word_1_13' title='bbox 1038 369 1099 442; x_wconf 74' lang='lat' dir='ltr'>‘de</span> <span class='ocrx_word' id='word_1_14' title='bbox 1085 378 1179 459; x_wconf 81' lang='grc' dir='ltr'>ετῆς</span> <span class='ocrx_word' id='word_1_15' title='bbox 1199 371 1292 464; x_wconf 75' lang='grc' dir='ltr'>μηδὲν</span> 
     </span>
     <span class='ocr_line' id='line_1_3' title="bbox 137 480 1290 623; baseline 0.005 -70"><span class='ocrx_word' id='word_1_16' title='bbox 137 481 287 573; x_wconf 85' lang='grc' dir='ltr'>φυοθσης,</span> <span class='ocrx_word' id='word_1_17' title='bbox 305 486 371 555; x_wconf 86' lang='grc' dir='ltr'>κατ’</span> <span class='ocrx_word' id='word_1_18' title='bbox 391 482 595 623; x_wconf 75' lang='grc' dir='ltr'>Ἀργείους</span> <span class='ocrx_word' id='word_1_19' title='bbox 579 485 671 583; x_wconf 84' lang='grc' dir='ltr'>ογδιρ</span> <span class='ocrx_word' id='word_1_20' title='bbox 689 484 854 584; x_wconf 77' lang='grc' dir='ltr'>οἷποτρῶγει</span> <span class='ocrx_word' id='word_1_21' title='bbox 880 480 981 574; x_wconf 74' lang='grc' dir='ltr'>αιξ,”</span> <span class='ocrx_word' id='word_1_22' title='bbox 960 519 1087 584; x_wconf 89' lang='grc' dir='ltr'>ασπορον</span> <span class='ocrx_word' id='word_1_23' title='bbox 1113 485 1185 559; x_wconf 81' lang='grc' dir='ltr'>αθτδ</span> <span class='ocrx_word' id='word_1_24' title='bbox 1202 495 1290 559; x_wconf 78' lang='grc' dir='ltr'>ποιεῖ.</span> 
     </span>
    </p>
   </div>
   <div class='ocr_carea' id='block_1_3' title="bbox 133 595 1421 4410">
    <p class='ocr_par' dir='ltr' id='par_1_3' title="bbox 138 595 852 698">
     <span class='ocr_line' id='line_1_4' title="bbox 138 595 852 698; baseline 0.007 -29"><span class='ocrx_word' id='word_1_25' title='bbox 138 630 165 669; x_wconf 89' lang='grc' dir='ltr'>οι</span> <span class='ocrx_word' id='word_1_26' title='bbox 158 597 216 670; x_wconf 65' lang='grc' dir='ltr'>’δε</span> <span class='ocrx_word' id='word_1_27' title='bbox 232 598 377 696; x_wconf 79' lang='grc' dir='ltr'>καθίγρου</span> <span class='ocrx_word' id='word_1_28' title='bbox 393 595 445 672; x_wconf 74' lang='grc' dir='ltr'>καὶ</span> <span class='ocrx_word' id='word_1_29' title='bbox 462 600 658 688; x_wconf 80' lang='grc' dir='ltr'>λιπαινοάσης</span> <span class='ocrx_word' id='word_1_30' title='bbox 675 601 732 683; x_wconf 80' lang='grc' dir='ltr'>τδς</span> <span class='ocrx_word' id='word_1_31' title='bbox 749 599 852 698; x_wconf 76' lang='grc' dir='ltr'>αἶγας.</span> 
     </span>
    </p>

    <p class='ocr_par' dir='ltr' id='par_1_4' title="bbox 191 714 973 816">
     <span class='ocr_line' id='line_1_5' title="bbox 191 714 973 816; baseline 0.004 -29"><span class='ocrx_word' id='word_1_32' title='bbox 191 743 221 808; x_wconf 87' lang='grc'>9.</span> <span class='ocrx_word' id='word_1_33' title='bbox 249 714 323 788; x_wconf 71' lang='lat' dir='ltr'>*du</span> <span class='ocrx_word' id='word_1_34' title='bbox 341 715 491 798; x_wconf 82' lang='grc' dir='ltr'>έανδς</span> <span class='ocrx_word' id='word_1_35' title='bbox 440 749 490 789; x_wconf 89' lang='grc' dir='ltr'>και</span> <span class='ocrx_word' id='word_1_36' title='bbox 508 719 624 799; x_wconf 77' lang='grc' dir='ltr'>πέπλος</span> <span class='ocrx_word' id='word_1_37' title='bbox 641 744 675 790; x_wconf 91' lang='grc' dir='ltr'>το</span> <span class='ocrx_word' id='word_1_38' title='bbox 666 716 803 812; x_wconf 79' lang='grc' dir='ltr'>’ἔνδυμα</span> <span class='ocrx_word' id='word_1_39' title='bbox 820 729 973 816; x_wconf 74' lang='grc' dir='ltr'>γυναικῶν.</span> 
     </span>
    </p>

    <p class='ocr_par' dir='ltr' id='par_1_5' title="bbox 194 831 1324 980">
     <span class='ocr_line' id='line_1_6' title="bbox 194 831 1324 980; baseline 0.003 -76"><span class='ocrx_word' id='word_1_40' title='bbox 194 861 242 906; x_wconf 92' lang='lat'>10.</span> <span class='ocrx_word' id='word_1_41' title='bbox 268 831 381 908; x_wconf 86' lang='grc' dir='ltr'>*ποτιδ</span> <span class='ocrx_word' id='word_1_42' title='bbox 364 834 513 980; x_wconf 83' lang='grc' dir='ltr'>δέρκεται]</span> <span class='ocrx_word' id='word_1_43' title='bbox 530 833 627 924; x_wconf 85' lang='grc' dir='ltr'>Ζηνθδ</span> <span class='ocrx_word' id='word_1_44' title='bbox 628 867 694 917; x_wconf 85' lang='grc' dir='ltr'>οτσς</span> <span class='ocrx_word' id='word_1_45' title='bbox 705 834 895 933; x_wconf 89' lang='grc' dir='ltr'>δακρυοεσσα</span> <span class='ocrx_word' id='word_1_46' title='bbox 908 836 940 908; x_wconf 90' lang='grc' dir='ltr'>δέ</span> <span class='ocrx_word' id='word_1_47' title='bbox 951 868 1004 930; x_wconf 90' lang='grc' dir='ltr'>μιν</span> <span class='ocrx_word' id='word_1_48' title='bbox 1016 837 1288 980; x_wconf 75' lang='grc' dir='ltr'>προσδέρκεται.</span> <span class='ocrx_word' id='word_1_49' title='bbox 1306 860 1324 920; x_wconf 85' lang='lat'>5</span> 
     </span>
    </p>

    <p class='ocr_par' dir='ltr' id='par_1_6' title="bbox 139 949 1292 1165">
     <span class='ocr_line' id='line_1_7' title="bbox 194 949 1292 1071; baseline 0.002 -49"><span class='ocrx_word' id='word_1_50' title='bbox 194 977 243 1025; x_wconf 80' lang='lat'>12.</span> <span class='ocrx_word' id='word_1_51' title='bbox 272 949 402 1050; x_wconf 55' lang='grc' dir='ltr'>*Μ’</span> <span class='ocrx_word' id='word_1_52' title='bbox 356 984 468 1034; x_wconf 79' lang='grc' dir='ltr'>παντες</span> <span class='ocrx_word' id='word_1_53' title='bbox 489 953 755 1071; x_wconf 86' lang='grc' dir='ltr'>περιεσπάσθησαν</span> <span class='ocrx_word' id='word_1_54' title='bbox 781 985 807 1024; x_wconf 88' lang='grc' dir='ltr'>οι</span> <span class='ocrx_word' id='word_1_55' title='bbox 801 952 993 1045; x_wconf 41' lang='grc' dir='ltr'>(σύνδεσμοι</span> <span class='ocrx_word' id='word_1_56' title='bbox 1020 953 1100 1024; x_wconf 84' lang='grc' dir='ltr'>κατδι</span> <span class='ocrx_word' id='word_1_57' title='bbox 1123 951 1211 1048; x_wconf 83' lang='grc' dir='ltr'>λάγον</span> <span class='ocrx_word' id='word_1_58' title='bbox 1235 964 1292 1026; x_wconf 83' lang='grc' dir='ltr'>τῶν</span> 
     </span>
     <span class='ocr_line' id='line_1_8' title="bbox 139 1067 377 1213; baseline 0.009 -75"><span class='ocrx_word' id='word_1_59' title='bbox 139 1067 377 1213; x_wconf 80' lang='grc' dir='ltr'>έρωτηματικῶν.</span> 
     </span>
    </p>

    <p class='ocr_par' dir='ltr' id='par_1_7' title="bbox 137 1183 1421 1516">
     <span class='ocr_line' id='line_1_9' title="bbox 193 1183 1290 1284; baseline 0.006 -29.106"><span class='ocrx_word' id='word_1_60' title='bbox 193 1212 286 1278; x_wconf 75' lang='grc' dir='ltr'>ι.ε3</span> <span class='ocrx_word' id='word_1_61' title='bbox 272 1183 374 1283; x_wconf 83' lang='grc' dir='ltr'>έξ]</span> <span class='ocrx_word' id='word_1_62' title='bbox 343 1217 396 1274; x_wconf 78' lang='grc' dir='ltr'>την</span> <span class='ocrx_word' id='word_1_63' title='bbox 418 1183 555 1284; x_wconf 74' lang='grc' dir='ltr'>πρόθεσιν</span> <span class='ocrx_word' id='word_1_64' title='bbox 576 1187 738 1284; x_wconf 76' lang='grc' dir='ltr'>χωριστέον</span> <span class='ocrx_word' id='word_1_65' title='bbox 758 1183 818 1257; x_wconf 81' lang='grc' dir='ltr'>ἇπδ</span> <span class='ocrx_word' id='word_1_66' title='bbox 835 1193 887 1257; x_wconf 77' lang='grc' dir='ltr'>τοῦ</span> <span class='ocrx_word' id='word_1_67' title='bbox 905 1185 1043 1266; x_wconf 79' lang='grc' dir='ltr'>ἐ’κλυες·</span> <span class='ocrx_word' id='word_1_68' title='bbox 1069 1186 1174 1284; x_wconf 74' lang='grc' dir='ltr'>βραχὺ</span> <span class='ocrx_word' id='word_1_69' title='bbox 1190 1189 1290 1280; x_wconf 82' lang='grc' dir='ltr'>μέντοι</span> 
     </span>
     <span class='ocr_line' id='line_1_10' title="bbox 137 1299 1290 1401; baseline 0.003 -29"><span class='ocrx_word' id='word_1_70' title='bbox 137 1311 293 1383; x_wconf 77' lang='grc' dir='ltr'>παντελῶς</span> <span class='ocrx_word' id='word_1_71' title='bbox 314 1301 349 1374; x_wconf 88' lang='grc' dir='ltr'>τδ</span> <span class='ocrx_word' id='word_1_72' title='bbox 371 1302 539 1396; x_wconf 87' lang='grc' dir='ltr'>διάστημα,</span> <span class='ocrx_word' id='word_1_73' title='bbox 557 1303 595 1384; x_wconf 77' lang='grc' dir='ltr'>ὥς</span> <span class='ocrx_word' id='word_1_74' title='bbox 621 1303 715 1388; x_wconf 84' lang='grc' dir='ltr'>κάκεῖ,</span> <span class='ocrx_word' id='word_1_75' title='bbox 736 1313 754 1342; x_wconf 89' lang='grc'><strong>“</strong></span> <span class='ocrx_word' id='word_1_76' title='bbox 767 1299 901 1401; x_wconf 78' lang='grc' dir='ltr'>θπεράϊον</span> <span class='ocrx_word' id='word_1_77' title='bbox 926 1303 970 1384; x_wconf 84' lang='grc' dir='ltr'>εἷς</span> <span class='ocrx_word' id='word_1_78' title='bbox 994 1302 1141 1390; x_wconf 78' lang='grc' dir='ltr'>ἀναβᾶσα</span> <span class='ocrx_word' id='word_1_79' title='bbox 1149 1302 1165 1327; x_wconf 88' lang='grc'>”</span> <span class='ocrx_word' id='word_1_80' title='bbox 1186 1303 1241 1401; x_wconf 88' lang='lat' dir='ltr'>(Il.</span> <span class='ocrx_word' id='word_1_81' title='bbox 1262 1333 1290 1392; x_wconf 79' lang='grc' dir='ltr'>α,</span> 
     </span>
     <span class='ocr_line' id='line_1_11' title="bbox 137 1418 1421 1516; baseline 0.001 -27"><span class='ocrx_word' id='word_1_82' title='bbox 137 1418 219 1516; x_wconf 85' lang='lat'>514)</span> <span class='ocrx_word' id='word_1_83' title='bbox 240 1428 262 1459; x_wconf 91' lang='lat'><strong>“</strong></span> <span class='ocrx_word' id='word_1_84' title='bbox 273 1422 380 1516; x_wconf 86' lang='grc' dir='ltr'>μάχης</span> <span class='ocrx_word' id='word_1_85' title='bbox 398 1419 430 1504; x_wconf 82' lang='grc' dir='ltr'>έξ</span> <span class='ocrx_word' id='word_1_86' title='bbox 445 1418 648 1494; x_wconf 81' lang='grc' dir='ltr'>οἷπονέεσθαι.”</span> <span class='ocrx_word' id='word_1_87' title='bbox 1307 1447 1345 1490; x_wconf 89' lang='lat'>10</span> <span class='ocrx_word' id='word_1_88' title='bbox 1419 1462 1421 1466; x_wconf 16' lang='grc' dir='ltr'><em>Α</em></span> 
     </span>
    </p>

    <p class='ocr_par' dir='ltr' id='par_1_8' title="bbox 137 1533 1341 2689">
     <span class='ocr_line' id='line_1_12' title="bbox 193 1533 1292 1635; baseline 0.002 -29"><span class='ocrx_word' id='word_1_89' title='bbox 193 1563 240 1625; x_wconf 84' lang='lat'>14</span> <span class='ocrx_word' id='word_1_90' title='bbox 269 1534 438 1635; x_wconf 77' lang='grc' dir='ltr'>Μενοίτιον]</span> <span class='ocrx_word' id='word_1_91' title='bbox 464 1533 580 1618; x_wconf 82' lang='grc' dir='ltr'>Αίακδς</span> <span class='ocrx_word' id='word_1_92' title='bbox 597 1539 612 1608; x_wconf 82' lang='grc' dir='ltr'>θ</span> <span class='ocrx_word' id='word_1_93' title='bbox 629 1533 704 1614; x_wconf 83' lang='grc' dir='ltr'>Διδς</span> <span class='ocrx_word' id='word_1_94' title='bbox 724 1533 774 1607; x_wconf 74' lang='grc' dir='ltr'>καὶ</span> <span class='ocrx_word' id='word_1_95' title='bbox 794 1536 932 1632; x_wconf 68' lang='grc' dir='ltr'>Αἰγίνης,</span> <span class='ocrx_word' id='word_1_96' title='bbox 951 1537 1056 1631; x_wconf 78' lang='grc' dir='ltr'>γήμας</span> <span class='ocrx_word' id='word_1_97' title='bbox 1071 1536 1174 1625; x_wconf 86' lang='grc' dir='ltr'>Ἐνδηι</span> <span class='ocrx_word' id='word_1_98' title='bbox 1195 1570 1216 1608; x_wconf 93' lang='grc' dir='ltr'>α</span> <span class='ocrx_word' id='word_1_99' title='bbox 1238 1539 1292 1627; x_wconf 69' lang='grc' dir='ltr'>τὴν</span> 
     </span>
     <span class='ocr_line' id='line_1_13' title="bbox 139 1651 1291 1750; baseline 0.001 -26"><span class='ocrx_word' id='word_1_100' title='bbox 139 1651 284 1750; x_wconf 85' lang='grc' dir='ltr'>Χείρωνος</span> <span class='ocrx_word' id='word_1_101' title='bbox 301 1654 458 1750; x_wconf 81' lang='grc' dir='ltr'>θυγατέρα,</span> <span class='ocrx_word' id='word_1_102' title='bbox 477 1652 554 1749; x_wconf 79' lang='grc' dir='ltr'>έοχε</span> <span class='ocrx_word' id='word_1_103' title='bbox 571 1652 620 1725; x_wconf 86' lang='grc' dir='ltr'>δθο</span> <span class='ocrx_word' id='word_1_104' title='bbox 637 1653 761 1739; x_wconf 75' lang='grc' dir='ltr'>παῖδας,</span> <span class='ocrx_word' id='word_1_105' title='bbox 781 1655 894 1740; x_wconf 85' lang='grc' dir='ltr'>Πηλέα</span> <span class='ocrx_word' id='word_1_106' title='bbox 916 1651 967 1726; x_wconf 72' lang='grc' dir='ltr'>καί</span> <span class='ocrx_word' id='word_1_107' title='bbox 983 1661 1162 1747; x_wconf 78' lang='grc' dir='ltr'>Τελαμῶνα·</span> <span class='ocrx_word' id='word_1_108' title='bbox 1186 1652 1291 1750; x_wconf 72' lang='grc' dir='ltr'>μιγεὶς</span> 
     </span>
     <span class='ocr_line' id='line_1_14' title="bbox 138 1766 1290 1872; baseline 0.002 -31"><span class='ocrx_word' id='word_1_109' title='bbox 138 1770 171 1843; x_wconf 73' lang='grc' dir='ltr'>δὲ</span> <span class='ocrx_word' id='word_1_110' title='bbox 188 1766 240 1842; x_wconf 79' lang='grc' dir='ltr'>καδ</span> <span class='ocrx_word' id='word_1_111' title='bbox 256 1773 391 1870; x_wconf 81' lang='grc' dir='ltr'>Ψαμάθη</span> <span class='ocrx_word' id='word_1_112' title='bbox 409 1777 447 1872; x_wconf 79' lang='grc' dir='ltr'>τῇ</span> <span class='ocrx_word' id='word_1_113' title='bbox 464 1767 593 1868; x_wconf 78' lang='grc' dir='ltr'>Νηρηίδι</span> <span class='ocrx_word' id='word_1_114' title='bbox 611 1778 697 1866; x_wconf 79' lang='grc' dir='ltr'>γεννᾷ</span> <span class='ocrx_word' id='word_1_115' title='bbox 717 1776 837 1843; x_wconf 65' lang='grc' dir='ltr'>Φῶκον..</span> <span class='ocrx_word' id='word_1_116' title='bbox 854 1778 954 1842; x_wconf 73' lang='grc' dir='ltr'>τοῦτον</span> <span class='ocrx_word' id='word_1_117' title='bbox 972 1770 1099 1859; x_wconf 81' lang='grc' dir='ltr'>Πηλεδς</span> <span class='ocrx_word' id='word_1_118' title='bbox 1115 1771 1290 1852; x_wconf 78' lang='grc' dir='ltr'>ἀποκτείνας</span> 
     </span>
     <span class='ocr_line' id='line_1_15' title="bbox 138 1885 1289 1986; baseline 0 -26"><span class='ocrx_word' id='word_1_119' title='bbox 138 1887 251 1984; x_wconf 81' lang='grc' dir='ltr'>έφυγεν</span> <span class='ocrx_word' id='word_1_120' title='bbox 268 1887 313 1969; x_wconf 82' lang='grc' dir='ltr'>εἷς</span> <span class='ocrx_word' id='word_1_121' title='bbox 331 1886 515 1983; x_wconf 86' lang='grc' dir='ltr'>Μαγνησίαν</span> <span class='ocrx_word' id='word_1_122' title='bbox 539 1897 594 1977; x_wconf 75' lang='grc' dir='ltr'>τῆς</span> <span class='ocrx_word' id='word_1_123' title='bbox 617 1885 800 1968; x_wconf 83' lang='grc' dir='ltr'>Θεσσαλίας</span> <span class='ocrx_word' id='word_1_124' title='bbox 821 1885 893 1986; x_wconf 83' lang='grc' dir='ltr'>πρδς</span> <span class='ocrx_word' id='word_1_125' title='bbox 917 1887 1060 1984; x_wconf 85' lang='grc' dir='ltr'>Χείρωνα·</span> <span class='ocrx_word' id='word_1_126' title='bbox 1088 1893 1234 1983; x_wconf 71' lang='grc' dir='ltr'>Τελαμὼν</span> <span class='ocrx_word' id='word_1_127' title='bbox 1257 1887 1289 1960; x_wconf 81' lang='grc' dir='ltr'>δὲ</span> 
     </span>
     <span class='ocr_line' id='line_1_16' title="bbox 139 2002 1341 2108; baseline 0.003 -32"><span class='ocrx_word' id='word_1_128' title='bbox 139 2004 168 2076; x_wconf 80' lang='grc' dir='ltr'>ἔν</span> <span class='ocrx_word' id='word_1_129' title='bbox 184 2013 227 2103; x_wconf 78' lang='grc' dir='ltr'>τῷ</span> <span class='ocrx_word' id='word_1_130' title='bbox 242 2005 324 2103; x_wconf 70' lang='grc' dir='ltr'>λάχω</span> <span class='ocrx_word' id='word_1_131' title='bbox 341 2014 392 2078; x_wconf 76' lang='grc' dir='ltr'>τοῦ</span> <span class='ocrx_word' id='word_1_132' title='bbox 413 2002 599 2076; x_wconf 84' lang='grc' dir='ltr'>Καλυδωνίου</span> <span class='ocrx_word' id='word_1_133' title='bbox 618 2002 688 2085; x_wconf 88' lang='grc' dir='ltr'>συδς</span> <span class='ocrx_word' id='word_1_134' title='bbox 706 2005 813 2108; x_wconf 76' lang='grc' dir='ltr'>ἄνελδν</span> <span class='ocrx_word' id='word_1_135' title='bbox 829 2002 981 2088; x_wconf 79' lang='grc' dir='ltr'>ἀκουσίως·</span> <span class='ocrx_word' id='word_1_136' title='bbox 992 2004 1043 2076; x_wconf 72' lang='grc' dir='ltr'>καὶ</span> <span class='ocrx_word' id='word_1_137' title='bbox 1060 2003 1151 2087; x_wconf 77' lang='grc' dir='ltr'>αθτδς</span> <span class='ocrx_word' id='word_1_138' title='bbox 1168 2005 1218 2078; x_wconf 72' lang='grc' dir='ltr'>ἕνα</span> <span class='ocrx_word' id='word_1_139' title='bbox 1234 2015 1289 2077; x_wconf 76' lang='grc' dir='ltr'>τῶν</span> <span class='ocrx_word' id='word_1_140' title='bbox 1306 2035 1341 2096; x_wconf 89' lang='lat'>15</span> 
     </span>
     <span class='ocr_line' id='line_1_17' title="bbox 138 2119 1289 2220; baseline 0 -26"><span class='ocrx_word' id='word_1_141' title='bbox 138 2121 334 2218; x_wconf 80' lang='grc' dir='ltr'>κυνηγοθντων</span> <span class='ocrx_word' id='word_1_142' title='bbox 347 2120 458 2218; x_wconf 82' lang='grc' dir='ltr'>’έφνγεν</span> <span class='ocrx_word' id='word_1_143' title='bbox 476 2122 520 2203; x_wconf 78' lang='grc' dir='ltr'>εἷς</span> <span class='ocrx_word' id='word_1_144' title='bbox 533 2129 706 2216; x_wconf 76' lang='grc' dir='ltr'>Σαλαμῖνα,</span> <span class='ocrx_word' id='word_1_145' title='bbox 718 2119 769 2194; x_wconf 73' lang='grc' dir='ltr'>καὶ</span> <span class='ocrx_word' id='word_1_146' title='bbox 782 2123 888 2218; x_wconf 76' lang='grc' dir='ltr'>γήμας</span> <span class='ocrx_word' id='word_1_147' title='bbox 901 2122 1071 2220; x_wconf 82' lang='grc' dir='ltr'>Περίβοιαν</span> <span class='ocrx_word' id='word_1_148' title='bbox 1083 2123 1137 2211; x_wconf 73' lang='grc' dir='ltr'>τὴν</span> <span class='ocrx_word' id='word_1_149' title='bbox 1149 2122 1289 2195; x_wconf 78' lang='grc' dir='ltr'>Ἀλκάθου</span> 
     </span>
     <span class='ocr_line' id='line_1_18' title="bbox 139 2236 1290 2338; baseline 0 -28"><span class='ocrx_word' id='word_1_150' title='bbox 139 2237 291 2335; x_wconf 83' lang='grc' dir='ltr'>έγέννησεν</span> <span class='ocrx_word' id='word_1_151' title='bbox 307 2237 437 2312; x_wconf 74' lang='grc' dir='ltr'>Αἴαντα.</span> <span class='ocrx_word' id='word_1_152' title='bbox 464 2236 622 2320; x_wconf 87' lang='grc' dir='ltr'>Μενοίτιος</span> <span class='ocrx_word' id='word_1_153' title='bbox 639 2239 670 2311; x_wconf 78' lang='grc' dir='ltr'>δὲ</span> <span class='ocrx_word' id='word_1_154' title='bbox 687 2239 857 2328; x_wconf 80' lang='grc' dir='ltr'>οἷποικήσας</span> <span class='ocrx_word' id='word_1_155' title='bbox 878 2240 921 2319; x_wconf 82' lang='grc' dir='ltr'>εἷς</span> <span class='ocrx_word' id='word_1_156' title='bbox 938 2239 1088 2311; x_wconf 75' lang='grc' dir='ltr'>Ὀποθυτα</span> <span class='ocrx_word' id='word_1_157' title='bbox 1112 2243 1290 2338; x_wconf 89' lang='grc' dir='ltr'>Πάτροκλον</span> 
     </span>
     <span class='ocr_line' id='line_1_19' title="bbox 139 2353 1289 2452; baseline 0 -24"><span class='ocrx_word' id='word_1_158' title='bbox 139 2354 304 2428; x_wconf 72' lang='grc' dir='ltr'>ἐτέκνωσεν·</span> <span class='ocrx_word' id='word_1_159' title='bbox 344 2359 360 2428; x_wconf 86' lang='lat' dir='ltr'>o‘</span> <span class='ocrx_word' id='word_1_160' title='bbox 390 2356 422 2428; x_wconf 71' lang='grc' dir='ltr'>δὲ</span> <span class='ocrx_word' id='word_1_161' title='bbox 450 2356 635 2437; x_wconf 83' lang='grc' dir='ltr'>οἷποκτειύαςΙ</span> <span class='ocrx_word' id='word_1_162' title='bbox 660 2354 711 2429; x_wconf 73' lang='grc' dir='ltr'>καὶ</span> <span class='ocrx_word' id='word_1_163' title='bbox 740 2353 832 2438; x_wconf 79' lang='grc' dir='ltr'>αὖτδς</span> <span class='ocrx_word' id='word_1_164' title='bbox 861 2353 1008 2438; x_wconf 73' lang='grc' dir='ltr'>ἀκουσίως</span> <span class='ocrx_word' id='word_1_165' title='bbox 1036 2354 1289 2452; x_wconf 76' lang='grc' dir='ltr'>Ἀμφιδάμαντος</span> 
     </span>
     <span class='ocr_line' id='line_1_20' title="bbox 137 2471 1289 2573; baseline 0.002 -29"><span class='ocrx_word' id='word_1_166' title='bbox 137 2473 238 2545; x_wconf 78' lang='grc' dir='ltr'>παῖδα</span> <span class='ocrx_word' id='word_1_167' title='bbox 262 2472 520 2569; x_wconf 78' lang='grc' dir='ltr'>Κλεισάνυμον”</span> <span class='ocrx_word' id='word_1_168' title='bbox 504 2505 618 2567; x_wconf 84' lang='grc' dir='ltr'>επεμπε</span> <span class='ocrx_word' id='word_1_169' title='bbox 644 2473 716 2573; x_wconf 85' lang='grc' dir='ltr'>πρδς</span> <span class='ocrx_word' id='word_1_170' title='bbox 744 2475 856 2563; x_wconf 85' lang='grc' dir='ltr'>Πηλέα</span> <span class='ocrx_word' id='word_1_171' title='bbox 884 2472 934 2546; x_wconf 86' lang='grc' dir='ltr'>τδν</span> <span class='ocrx_word' id='word_1_172' title='bbox 963 2472 1109 2572; x_wconf 86' lang='grc' dir='ltr'>Χείρωνος</span> <span class='ocrx_word' id='word_1_173' title='bbox 1139 2471 1271 2560; x_wconf 78' lang='grc' dir='ltr'>θεῖον,</span> <span class='ocrx_word' id='word_1_174' title='bbox 1256 2505 1289 2554; x_wconf 90' lang='grc' dir='ltr'>ος</span> 
     </span>
     <span class='ocr_line' id='line_1_21' title="bbox 137 2587 1340 2716; baseline 0 -54"><span class='ocrx_word' id='word_1_175' title='bbox 137 2587 227 2662; x_wconf 87' lang='grc' dir='ltr'>αυπδν</span> <span class='ocrx_word' id='word_1_176' title='bbox 242 2589 312 2683; x_wconf 85' lang='grc' dir='ltr'>μετ’</span> <span class='ocrx_word' id='word_1_177' title='bbox 327 2588 533 2716; x_wconf 81' lang='grc' dir='ltr'>Ἀχιλλέωςέ</span> <span class='ocrx_word' id='word_1_178' title='bbox 533 2594 685 2688; x_wconf 56' lang='grc' dir='ltr'>ρθεηθεν.ε</span> <span class='ocrx_word' id='word_1_179' title='bbox 669 2591 823 2689; x_wconf 89' lang='grc' dir='ltr'>ηιστορία</span> <span class='ocrx_word' id='word_1_180' title='bbox 839 2623 921 2688; x_wconf 90' lang='grc' dir='ltr'>παρα</span> <span class='ocrx_word' id='word_1_181' title='bbox 904 2590 1170 2689; x_wconf 87' lang='grc' dir='ltr'>Φιλοστεφάνω.</span> <span class='ocrx_word' id='word_1_182' title='bbox 1302 2629 1340 2669; x_wconf 77' lang='lat'>20</span> 
     </span>
    </p>

    <p class='ocr_par' dir='ltr' id='par_1_9' title="bbox 192 2705 947 2806">
     <span class='ocr_line' id='line_1_22' title="bbox 192 2705 947 2806; baseline 0 -28"><span class='ocrx_word' id='word_1_183' title='bbox 192 2715 239 2780; x_wconf 90' lang='lat'>16.</span> <span class='ocrx_word' id='word_1_184' title='bbox 265 2706 345 2779; x_wconf 59' lang='lat' dir='ltr'>*ded</span> <span class='ocrx_word' id='word_1_185' title='bbox 361 2740 412 2779; x_wconf 90' lang='grc' dir='ltr'>του</span> <span class='ocrx_word' id='word_1_186' title='bbox 429 2741 448 2797; x_wconf 94' lang='grc' dir='ltr'>η</span> <span class='ocrx_word' id='word_1_187' title='bbox 429 2705 664 2795; x_wconf 70' lang='grc' dir='ltr'>τεθνηώτων</span> <span class='ocrx_word' id='word_1_188' title='bbox 680 2740 713 2780; x_wconf 94' lang='grc' dir='ltr'>αι</span> <span class='ocrx_word' id='word_1_189' title='bbox 708 2709 947 2806; x_wconf 87' lang='grc' dir='ltr'>Ἀριστάρχου.</span> 
     </span>
    </p>

    <p class='ocr_par' dir='ltr' id='par_1_10' title="bbox 191 2821 875 2923">
     <span class='ocr_line' id='line_1_23' title="bbox 191 2821 875 2923; baseline 0.001 -28"><span class='ocrx_word' id='word_1_190' title='bbox 191 2846 240 2914; x_wconf 91' lang='lat'>17.</span> <span class='ocrx_word' id='word_1_191' title='bbox 266 2821 339 2896; x_wconf 76' lang='grc' dir='ltr'>ὅτι</span> <span class='ocrx_word' id='word_1_192' title='bbox 358 2821 525 2897; x_wconf 69' lang='grc' dir='ltr'>έλλείπει’</span> <span class='ocrx_word' id='word_1_193' title='bbox 510 2826 620 2922; x_wconf 85' lang='grc' dir='ltr'>ηπερί,</span> <span class='ocrx_word' id='word_1_194' title='bbox 639 2857 706 2923; x_wconf 91' lang='grc' dir='ltr'>περι</span> <span class='ocrx_word' id='word_1_195' title='bbox 724 2824 875 2923; x_wconf 83' lang='grc' dir='ltr'>Ἀργειωυ.</span> 
     </span>
    </p>

    <p class='ocr_par' dir='ltr' id='par_1_11' title="bbox 188 2938 836 3039">
     <span class='ocr_line' id='line_1_24' title="bbox 188 2938 836 3039; baseline -0.005 -24"><span class='ocrx_word' id='word_1_196' title='bbox 188 2969 239 3016; x_wconf 87' lang='lat'>20.</span> <span class='ocrx_word' id='word_1_197' title='bbox 271 2938 370 3039; x_wconf 84' lang='grc' dir='ltr'>*πρδς</span> <span class='ocrx_word' id='word_1_198' title='bbox 387 2941 440 3030; x_wconf 74' lang='grc' dir='ltr'>την</span> <span class='ocrx_word' id='word_1_199' title='bbox 456 2949 508 3013; x_wconf 73' lang='grc' dir='ltr'>τοῦ</span> <span class='ocrx_word' id='word_1_200' title='bbox 525 2939 616 3037; x_wconf 85' lang='grc' dir='ltr'>λάγου</span> <span class='ocrx_word' id='word_1_201' title='bbox 632 2941 734 3014; x_wconf 84' lang='grc' dir='ltr'>άποστ</span> <span class='ocrx_word' id='word_1_202' title='bbox 733 2941 836 3039; x_wconf 76' lang='grc' dir='ltr'>ροφήν.</span> 
     </span>
    </p>

    <p class='ocr_par' dir='ltr' id='par_1_12' title="bbox 189 3056 957 3158">
     <span class='ocr_line' id='line_1_25' title="bbox 189 3056 957 3158; baseline 0.003 -28"><span class='ocrx_word' id='word_1_203' title='bbox 189 3086 238 3148; x_wconf 78' lang='lat'>24</span> <span class='ocrx_word' id='word_1_204' title='bbox 268 3056 500 3158; x_wconf 71' lang='grc' dir='ltr'>*ουτάμενοι]’</span> <span class='ocrx_word' id='word_1_205' title='bbox 481 3093 519 3140; x_wconf 90' lang='grc' dir='ltr'>ως</span> <span class='ocrx_word' id='word_1_206' title='bbox 537 3059 701 3154; x_wconf 78' lang='grc' dir='ltr'>ἱστάμενοι.</span> <span class='ocrx_word' id='word_1_207' title='bbox 728 3058 948 3157; x_wconf 88' lang='grc' dir='ltr'>προείρηταιε</span> <span class='ocrx_word' id='word_1_208' title='bbox 917 3057 957 3132; x_wconf 88' lang='grc' dir='ltr'>δέ.</span> 
     </span>
    </p>

    <p class='ocr_par' dir='ltr' id='par_1_13' title="bbox 136 3173 1339 3388">
     <span class='ocr_line' id='line_1_26' title="bbox 188 3173 1339 3275; baseline 0.003 -28"><span class='ocrx_word' id='word_1_209' title='bbox 188 3175 217 3247; x_wconf 81' lang='grc' dir='ltr'>έν</span> <span class='ocrx_word' id='word_1_210' title='bbox 245 3173 331 3264; x_wconf 78' lang='grc' dir='ltr'>νηυσδ</span> <span class='ocrx_word' id='word_1_211' title='bbox 355 3175 477 3275; x_wconf 89' lang='grc' dir='ltr'>κέαται]</span> <span class='ocrx_word' id='word_1_212' title='bbox 505 3174 578 3275; x_wconf 85' lang='grc' dir='ltr'>πρδς</span> <span class='ocrx_word' id='word_1_213' title='bbox 603 3178 656 3265; x_wconf 75' lang='grc' dir='ltr'>τὴν</span> <span class='ocrx_word' id='word_1_214' title='bbox 682 3176 846 3264; x_wconf 75' lang='grc' dir='ltr'>σύλληψιν·</span> <span class='ocrx_word' id='word_1_215' title='bbox 881 3177 909 3250; x_wconf 78' lang='grc' dir='ltr'>οἱ</span> <span class='ocrx_word' id='word_1_216' title='bbox 931 3176 986 3269; x_wconf 77' lang='grc' dir='ltr'>μὲν</span> <span class='ocrx_word' id='word_1_217' title='bbox 1010 3175 1070 3274; x_wconf 85' lang='grc' dir='ltr'>γδιρ</span> <span class='ocrx_word' id='word_1_218' title='bbox 1096 3177 1286 3271; x_wconf 80' lang='grc' dir='ltr'>βεβλημένοι</span> <span class='ocrx_word' id='word_1_219' title='bbox 1302 3211 1339 3273; x_wconf 78' lang='grc' dir='ltr'>α5</span> 
     </span>
     <span class='ocr_line' id='line_1_27' title="bbox 136 3289 521 3388; baseline -0.003 -24"><span class='ocrx_word' id='word_1_220' title='bbox 136 3289 224 3381; x_wconf 69' lang='grc' dir='ltr'>ἦσαν,</span> <span class='ocrx_word' id='word_1_221' title='bbox 242 3293 270 3366; x_wconf 81' lang='grc' dir='ltr'>οἱ</span> <span class='ocrx_word' id='word_1_222' title='bbox 284 3293 316 3366; x_wconf 70' lang='grc' dir='ltr'>δὲ</span> <span class='ocrx_word' id='word_1_223' title='bbox 333 3292 521 3388; x_wconf 77' lang='grc' dir='ltr'>οὗτασμέυοι.</span> 
     </span>
    </p>

    <p class='ocr_par' dir='ltr' id='par_1_14' title="bbox 133 3407 1339 3977">
     <span class='ocr_line' id='line_1_28' title="bbox 189 3407 1287 3508; baseline 0.001 -26"><span class='ocrx_word' id='word_1_224' title='bbox 189 3436 238 3504; x_wconf 84' lang='lat'>25.</span> <span class='ocrx_word' id='word_1_225' title='bbox 265 3407 528 3508; x_wconf 60' lang='lat' dir='ltr'>sse&#39;ssdmatJdvrd</span> <span class='ocrx_word' id='word_1_226' title='bbox 554 3419 605 3482; x_wconf 78' lang='grc' dir='ltr'>τοῖν</span> <span class='ocrx_word' id='word_1_227' title='bbox 632 3409 666 3482; x_wconf 87' lang='grc' dir='ltr'>έκ</span> <span class='ocrx_word' id='word_1_228' title='bbox 691 3418 789 3500; x_wconf 75' lang='grc' dir='ltr'>βολῆς</span> <span class='ocrx_word' id='word_1_229' title='bbox 814 3410 966 3508; x_wconf 85' lang='grc' dir='ltr'>τέτρωται.</span> <span class='ocrx_word' id='word_1_230' title='bbox 999 3408 1142 3500; x_wconf 68' lang='grc' dir='ltr'>ἐζήτηται</span> <span class='ocrx_word' id='word_1_231' title='bbox 1168 3410 1199 3483; x_wconf 75' lang='grc' dir='ltr'>δέ</span> <span class='ocrx_word' id='word_1_232' title='bbox 1224 3421 1287 3493; x_wconf 79' lang='grc' dir='ltr'>πῶς</span> 
     </span>
     <span class='ocr_line' id='line_1_29' title="bbox 136 3526 1286 3626; baseline -0.002 -26"><span class='ocrx_word' id='word_1_233' title='bbox 136 3529 317 3625; x_wconf 89' lang='grc' dir='ltr'>Πάτροκλος</span> <span class='ocrx_word' id='word_1_234' title='bbox 345 3526 413 3626; x_wconf 71' lang='grc' dir='ltr'>περὶ</span> <span class='ocrx_word' id='word_1_235' title='bbox 443 3531 609 3624; x_wconf 89' lang='grc' dir='ltr'>Μαχάονος</span> <span class='ocrx_word' id='word_1_236' title='bbox 637 3528 729 3622; x_wconf 74' lang='grc' dir='ltr'>μηδὲν</span> <span class='ocrx_word' id='word_1_237' title='bbox 759 3529 844 3601; x_wconf 81' lang='grc' dir='ltr'>είπιδν</span> <span class='ocrx_word' id='word_1_238' title='bbox 874 3530 1042 3623; x_wconf 87' lang='grc' dir='ltr'>κατάλογον</span> <span class='ocrx_word' id='word_1_239' title='bbox 1071 3537 1200 3600; x_wconf 78' lang='grc' dir='ltr'>ποιεῖται</span> <span class='ocrx_word' id='word_1_240' title='bbox 1231 3537 1286 3599; x_wconf 74' lang='grc' dir='ltr'>τῶν</span> 
     </span>
     <span class='ocr_line' id='line_1_30' title="bbox 135 3638 1286 3745; baseline -0.003 -27"><span class='ocrx_word' id='word_1_241' title='bbox 135 3646 328 3744; x_wconf 88' lang='grc' dir='ltr'>τετρωμένων.</span> <span class='ocrx_word' id='word_1_242' title='bbox 358 3641 410 3717; x_wconf 74' lang='grc' dir='ltr'>καὶ</span> <span class='ocrx_word' id='word_1_243' title='bbox 435 3646 535 3745; x_wconf 75' lang='grc' dir='ltr'>ρἠτέον</span> <span class='ocrx_word' id='word_1_244' title='bbox 561 3647 599 3727; x_wconf 78' lang='grc' dir='ltr'>ὥς</span> <span class='ocrx_word' id='word_1_245' title='bbox 625 3652 758 3732; x_wconf 78' lang='grc' dir='ltr'>βεβαιοῖ</span> <span class='ocrx_word' id='word_1_246' title='bbox 778 3647 832 3735; x_wconf 69' lang='grc' dir='ltr'>τὴν</span> <span class='ocrx_word' id='word_1_247' title='bbox 857 3645 1031 3743; x_wconf 86' lang='grc' dir='ltr'>Ἀχιλλέως</span> <span class='ocrx_word' id='word_1_248' title='bbox 1055 3642 1212 3741; x_wconf 73' lang='grc' dir='ltr'>πράληθνιν,</span> <span class='ocrx_word' id='word_1_249' title='bbox 1240 3638 1286 3715; x_wconf 78' lang='grc' dir='ltr'>ἵνα</span> 
     </span>
     <span class='ocr_line' id='line_1_31' title="bbox 135 3755 1339 3863; baseline -0.003 -28"><span class='ocrx_word' id='word_1_250' title='bbox 135 3761 216 3835; x_wconf 85' lang='grc' dir='ltr'>’έλεον</span> <span class='ocrx_word' id='word_1_251' title='bbox 244 3763 360 3863; x_wconf 78' lang='grc' dir='ltr'>κινήσῃ,</span> <span class='ocrx_word' id='word_1_252' title='bbox 387 3766 561 3861; x_wconf 76' lang='grc' dir='ltr'>παραλιπὼν</span> <span class='ocrx_word' id='word_1_253' title='bbox 590 3763 627 3844; x_wconf 77' lang='grc' dir='ltr'>ὥς</span> <span class='ocrx_word' id='word_1_254' title='bbox 658 3763 812 3836; x_wconf 88' lang='grc' dir='ltr'>έλάττονα.</span> <span class='ocrx_word' id='word_1_255' title='bbox 848 3763 932 3859; x_wconf 85' lang='grc' dir='ltr'>λέγει</span> <span class='ocrx_word' id='word_1_256' title='bbox 959 3763 990 3836; x_wconf 78' lang='grc' dir='ltr'>δὲ</span> <span class='ocrx_word' id='word_1_257' title='bbox 1015 3757 1083 3859; x_wconf 70' lang='grc' dir='ltr'>περὶ</span> <span class='ocrx_word' id='word_1_258' title='bbox 1107 3755 1143 3833; x_wconf 70' lang='grc' dir='ltr'>δν</span> <span class='ocrx_word' id='word_1_259' title='bbox 1167 3772 1285 3855; x_wconf 75' lang='grc' dir='ltr'>μᾶλλον</span> <span class='ocrx_word' id='word_1_260' title='bbox 1299 3784 1339 3839; x_wconf 83' lang='lat'>30</span> 
     </span>
     <span class='ocr_line' id='line_1_32' title="bbox 133 3878 256 3977; baseline 0.024 -26"><span class='ocrx_word' id='word_1_261' title='bbox 133 3878 256 3977; x_wconf 75' lang='grc' dir='ltr'>ἠγωνία.</span> 
     </span>
    </p>

    <p class='ocr_par' dir='ltr' id='par_1_15' title="bbox 186 3995 1169 4097">
     <span class='ocr_line' id='line_1_33' title="bbox 186 3995 1169 4097; baseline 0 -28"><span class='ocrx_word' id='word_1_262' title='bbox 186 3995 440 4094; x_wconf 78' lang='grc' dir='ltr'>*Ἀριστοφάνης</span> <span class='ocrx_word' id='word_1_263' title='bbox 457 3995 510 4082; x_wconf 80' lang='grc' dir='ltr'>έξω</span> <span class='ocrx_word' id='word_1_264' title='bbox 528 4005 579 4070; x_wconf 74' lang='grc' dir='ltr'>τοῦ</span> <span class='ocrx_word' id='word_1_265' title='bbox 597 3997 709 4097; x_wconf 82' lang='grc' dir='ltr'>άρθρου,</span> <span class='ocrx_word' id='word_1_266' title='bbox 728 3998 888 4086; x_wconf 83' lang='grc' dir='ltr'>βέβληται</span> <span class='ocrx_word' id='word_1_267' title='bbox 905 3997 970 4092; x_wconf 73' lang='grc' dir='ltr'>μὲν</span> <span class='ocrx_word' id='word_1_268' title='bbox 986 3995 1169 4083; x_wconf 83' lang='grc' dir='ltr'>Τυδείδης.</span> 
     </span>
    </p>

    <p class='ocr_par' dir='ltr' id='par_1_16' title="bbox 176 4162 1283 4240">
     <span class='ocr_line' id='line_1_34' title="bbox 176 4162 1283 4240; baseline 0 -18"><span class='ocrx_word' id='word_1_269' title='bbox 176 4185 203 4238; x_wconf 88' lang='lat'>4.</span> <span class='ocrx_word' id='word_1_270' title='bbox 224 4173 348 4240; x_wconf 81' lang='grc' dir='ltr'>γυναικῶν</span> <span class='ocrx_word' id='word_1_271' title='bbox 361 4164 474 4225; x_wconf 79' lang='lat' dir='ltr'><strong>addidit</strong></span> <span class='ocrx_word' id='word_1_272' title='bbox 488 4164 595 4226; x_wconf 82' lang='lat' dir='ltr'><strong>Friedl.</strong></span> <span class='ocrx_word' id='word_1_273' title='bbox 729 4165 816 4225; x_wconf 72' lang='lat' dir='ltr'><strong>datus</strong></span> <span class='ocrx_word' id='word_1_274' title='bbox 830 4164 933 4224; x_wconf 76' lang='lat' dir='ltr'>Isthm.</span> <span class='ocrx_word' id='word_1_275' title='bbox 950 4167 975 4236; x_wconf 88' lang='lat'>6,</span> <span class='ocrx_word' id='word_1_276' title='bbox 993 4167 1040 4239; x_wconf 88' lang='lat'>65.</span> <span class='ocrx_word' id='word_1_277' title='bbox 1074 4163 1110 4223; x_wconf 92' lang='lat' dir='ltr'>V.</span> <span class='ocrx_word' id='word_1_278' title='bbox 1127 4162 1238 4225; x_wconf 78' lang='lat' dir='ltr'><strong>Stiehle</strong></span> <span class='ocrx_word' id='word_1_279' title='bbox 1252 4162 1283 4223; x_wconf 89' lang='lat' dir='ltr'>in</span> 
     </span>
    </p>

    <p class='ocr_par' dir='ltr' id='par_1_17' title="bbox 177 4243 1108 4329">
     <span class='ocr_line' id='line_1_35' title="bbox 177 4243 1108 4329; baseline -0.002 -22"><span class='ocrx_word' id='word_1_280' title='bbox 177 4266 223 4307; x_wconf 90' lang='lat'>11.</span> <span class='ocrx_word' id='word_1_281' title='bbox 246 4243 297 4329; x_wconf 83' lang='grc' dir='ltr'>*ὁ]</span> <span class='ocrx_word' id='word_1_282' title='bbox 312 4268 369 4306; x_wconf 90' lang='lat' dir='ltr'>om.</span> <span class='ocrx_word' id='word_1_283' title='bbox 729 4246 879 4322; x_wconf 81' lang='lat' dir='ltr'>Philologo</span> <span class='ocrx_word' id='word_1_284' title='bbox 892 4247 949 4306; x_wconf 89' lang='lat' dir='ltr'>vol.</span> <span class='ocrx_word' id='word_1_285' title='bbox 964 4265 982 4319; x_wconf 86' lang='lat'>4</span> <span class='ocrx_word' id='word_1_286' title='bbox 997 4266 1026 4323; x_wconf 92' lang='lat' dir='ltr'>p.</span> <span class='ocrx_word' id='word_1_287' title='bbox 1041 4266 1108 4322; x_wconf 88' lang='lat'>409.</span> 
     </span>
    </p>

    <p class='ocr_par' dir='ltr' id='par_1_18' title="bbox 175 4323 1087 4410">
     <span class='ocr_line' id='line_1_36' title="bbox 175 4323 1087 4410; baseline 0.002 -26"><span class='ocrx_word' id='word_1_288' title='bbox 175 4327 286 4404; x_wconf 78' lang='grc' dir='ltr'>*Αιγένη</span> <span class='ocrx_word' id='word_1_289' title='bbox 288 4326 345 4409; x_wconf 79' lang='grc' dir='ltr'>τ]’</span> <span class='ocrx_word' id='word_1_290' title='bbox 259 4330 422 4404; x_wconf 76' lang='grc' dir='ltr'>νηαγήνην</span> <span class='ocrx_word' id='word_1_291' title='bbox 770 4347 818 4404; x_wconf 85' lang='lat'>30.</span> <span class='ocrx_word' id='word_1_292' title='bbox 839 4323 925 4410; x_wconf 78' lang='grc' dir='ltr'>ἔλεον]</span> <span class='ocrx_word' id='word_1_293' title='bbox 941 4327 999 4388; x_wconf 75' lang='grc' dir='ltr'>*εἷς</span> <span class='ocrx_word' id='word_1_294' title='bbox 1013 4331 1087 4386; x_wconf 76' lang='grc' dir='ltr'>ἔλεον</span> 
     </span>
    </p>
   </div>
   <div class='ocr_carea' id='block_1_4' title="bbox 134 4405 1282 4574">
    <p class='ocr_par' dir='ltr' id='par_1_19' title="bbox 134 4405 1282 4574">
     <span class='ocr_line' id='line_1_37' title="bbox 178 4405 1282 4490; baseline -0.002 -22"><span class='ocrx_word' id='word_1_295' title='bbox 178 4413 223 4470; x_wconf 89' lang='lat'>16.</span> <span class='ocrx_word' id='word_1_296' title='bbox 245 4414 386 4485; x_wconf 80' lang='grc' dir='ltr'>Περίβοιαν</span> <span class='ocrx_word' id='word_1_297' title='bbox 399 4431 435 4470; x_wconf 80' lang='lat' dir='ltr'>ex</span> <span class='ocrx_word' id='word_1_298' title='bbox 455 4408 593 4487; x_wconf 85' lang='lat' dir='ltr'><strong>Apollod.</strong></span> <span class='ocrx_word' id='word_1_299' title='bbox 609 4410 684 4469; x_wconf 80' lang='lat' dir='ltr'>Bibl.</span> <span class='ocrx_word' id='word_1_300' title='bbox 769 4411 898 4483; x_wconf 65' lang='grc' dir='ltr'>*κινῆσμ</span> <span class='ocrx_word' id='word_1_301' title='bbox 942 4405 1105 4490; x_wconf 79' lang='grc' dir='ltr'>παραλιπὼν]</span> <span class='ocrx_word' id='word_1_302' title='bbox 1145 4411 1282 4482; x_wconf 70' lang='grc' dir='ltr'>κινήσει-</span> 
     </span>
     <span class='ocr_line' id='line_1_38' title="bbox 134 4488 879 4574; baseline 0.001 -25"><span class='ocrx_word' id='word_1_303' title='bbox 134 4513 160 4569; x_wconf 81' lang='lat'>3,</span> <span class='ocrx_word' id='word_1_304' title='bbox 181 4512 225 4566; x_wconf 87' lang='lat'>12,</span> <span class='ocrx_word' id='word_1_305' title='bbox 243 4488 273 4574; x_wconf 80' lang='lat'>7]</span> <span class='ocrx_word' id='word_1_306' title='bbox 289 4493 424 4567; x_wconf 84' lang='grc' dir='ltr'>ηερίβοιαν.</span> <span class='ocrx_word' id='word_1_307' title='bbox 466 4492 598 4567; x_wconf 84' lang='grc' dir='ltr'>Ἐρίβοιαν</span> <span class='ocrx_word' id='word_1_308' title='bbox 619 4492 686 4551; x_wconf 82' lang='lat' dir='ltr'><strong>Pin·</strong></span> <span class='ocrx_word' id='word_1_309' title='bbox 727 4497 879 4567; x_wconf 81' lang='grc' dir='ltr'>παραλιπεῖν</span> 
     </span>
    </p>
   </div>
   <div class='ocr_carea' id='block_1_5' title="bbox 0 0 1482 4936">
    <p class='ocr_par' dir='ltr' id='par_1_20' title="bbox 0 0 1482 4936">
     <span class='ocr_line' id='line_1_39' title="bbox 0 0 1482 4936; baseline 0 0"><span class='ocrx_word' id='word_1_310' title='bbox 0 0 1482 4936; x_wconf 95' lang='lat' dir='ltr'> </span> 
     </span>
    </p>
   </div>
  </div>
 </body>
</html>
