2954 4936
212 216 276 279 132
479 267 485 286 ,
611 215 782 276 ιλιιλον.
814 215 846 276 P.
876 213 963 296 (1ο)

266 397 337 462 143.
372 365 515 465 φύξηλιν]
543 370 721 462 παράγωγον
749 363 808 439 ἀπδ
839 376 890 440 τοῦ
918 368 1002 460 φύξιν
1032 368 1206 462 μέλλοντος,
1237 367 1365 464 φνγῶα

212 485 282 559 όντα
307 484 357 558 καί
384 482 488 558 δειλόν.
524 482 574 554 καί
598 481 630 555 τδ
648 483 773 577 φεύγειν
795 480 846 554 καί
872 481 907 556 τδ
932 485 1082 557 ἀλέασθαι
1109 485 1244 582 ’έγκειται
1272 485 1300 558 έν
1326 493 1365 582 τῇ

212 603 302 687 λέξει.
337 601 558 701 περισπαστέον
583 601 614 672 δὲ
637 598 686 672 τδν
708 597 737 690 ἦ,
758 599 819 672 είτε
842 607 1054 694 θαυμαστικῶς
1071 602 1132 676 εἴτε
1150 611 1364 690 βεβαιωτικῶς

212 728 321 792 κεῖται.

266 863 335 925 144
357 831 532 932 *σαιίσεις]
545 831 634 914 ούτως
647 833 860 931 Ἀρίσταρχος.
887 835 975 908 ἀλλοι
989 836 1020 908 δέ
1039 834 1185 936 σαιίσης
1202 835 1253 908 διδι
1266 842 1318 906 τοῦ
1331 866 1361 920 η.
1376 860 1393 920 5

266 981 337 1046 149.
364 953 413 1024 διδι
433 961 485 1026 τοῦ
502 986 525 1040 ν,
543 955 621 1046 μεθ’
641 949 773 1043 όμιλον.
804 952 886 1047 παρὰ
908 953 940 1025 δέ
956 949 1107 1051 Ζηνοδότην
1127 951 1204 1048 μεθ’
1222 948 1362 1046 ὁμίλου·

481 1070 489 1095 ι
527 1068 537 1092 ε
591 1067 639 1094 ιο
700 1071 709 1093 ι
741 1064 750 1089 ι

213 1066 264 1140 καί
281 1069 369 1164 λόγον
386 1068 452 1166 έχει
471 1103 536 1141 αντι
554 1102 606 1140 του
624 1072 676 1152 εξω
695 1083 811 1161 ομιλον.

267 1209 337 1278 150.
363 1186 501 1281 ἀγνοοῦσι
520 1186 560 1257 τδι
578 1186 785 1285 φκονομημένα
802 1183 868 1282 περί
886 1192 937 1256 τοῦ
954 1182 1141 1278 Σαρπηδόνος
1156 1183 1333 1258 Ἀπόλλωνι.

266 1325 338 1394 151.
365 1300 454 1400 έλωρ]
479 1306 498 1392 ἡ
524 1302 627 1390 διπλῆ,
645 1300 689 1373 ότι
716 1301 757 1372 τδι
783 1299 891 1397 έλοίρια
913 1300 964 1372 ούκ
990 1300 1058 1374 ’έστι
1085 1299 1247 1400 βρύματα,
1274 1301 1312 1382 ὦς
1338 1302 1367 1374 οἱ

212 1420 463 1516 γλωσσογράφοι,
481 1420 553 1488 ἀλλ’
570 1418 760 1512 έλκύσματα.
1380 1453 1415 1492 10

267 1559 338 1627 152.
368 1533 484 1606 *πόλλ’
502 1533 626 1634 θφελος]
645 1543 809 1630 πολλαχῶς
827 1535 989 1627 ὠφέλημα.

682 1649 781 1676 λῖθ

266 1673 339 1745 153.
366 1649 484 1724 ὑπόνοια
508 1661 572 1732 τοῖς
588 1659 706 1746 Τρωσιν
730 1682 844 1744 εγενετο
870 1653 908 1730 ὥς
934 1648 1116 1744 κννοβροίτον
1141 1659 1194 1724 τοῦ
1220 1649 1364 1746 σάματος

219 1768 227 1792 ν
299 1769 307 1795 ι
401 1768 409 1795 ν
455 1769 465 1795 x
520 1766 528 1792 1
609 1770 619 1794 ι
771 1768 779 1794 ν
875 1767 886 1794 ι
1033 1765 1114 1793 κεν
1160 1767 1169 1792 ε
1212 1768 1222 1796 ε
1269 1767 1283 1799 η

214 1800 363 1862 εσομενον,
382 1800 407 1839 ει
427 1801 472 1860 μη
496 1799 545 1839 τον
562 1775 739 1865 Πάτροκλον
761 1775 971 1839 ανθελκυσαιεν
991 1800 1041 1838 και
1063 1781 1108 1861 υφ
1133 1801 1242 1846 αντους
1268 1802 1365 1864 εχοιεν

214 1886 257 1965 εἷς
277 1883 476 1957 ἀνταπόδοσιν
493 1885 545 1972 την
563 1882 630 1982 περί
647 1881 842 1980 Σαρπηδόνος·
875 1881 998 1976 ἀριστος
1020 1884 1080 1980 γδιρ
1103 1883 1199 1971 οὗτος,
1216 1883 1296 1958 όνστε
1319 1890 1364 1978 μη

212 2004 397 2092 ἀμεληθῆναι
424 2002 478 2090 την
503 2001 679 2094 ἀνακομιδὴν
705 2008 757 2072 τοῦ
786 1996 924 2092 σάματος
949 2000 1050 2087 αὐτοῦ,
1078 2001 1110 2083 έξ
1136 1999 1168 2074 ού
1192 2005 1364 2088 συνέβαινεν
1381 2036 1416 2096 15

212 2117 460 2190 ἀνταπεδίδοσθαι
484 2115 533 2189 τδν
558 2115 741 2212 Σαρπηδόνα.
776 2117 819 2189 διδ
845 2118 979 2213 ἐπιφέρει
1010 2129 1032 2160 “
1043 2119 1121 2190 τοίου
1147 2119 1208 2216 γδρ
1234 2123 1365 2218 θεράπων

212 2235 326 2328 πέφατ’
346 2235 455 2334 ἀνέρος,
471 2232 503 2315 δς
520 2233 590 2329 μέγ’
609 2234 732 2330 ἀριστος
748 2230 890 2332 Ἀργείων
907 2235 989 2331 παρὰ
1006 2233 1123 2323 νηυσί.”

265 2349 341 2424 *ότι
360 2351 522 2440 Ζηνόδοτος
539 2354 651 2451 γράφει
671 2351 748 2424 κύον
769 2350 888 2440 έτλης.
919 2351 1027 2445 ἀλογον
1044 2352 1085 2424 δέ.

266 2493 335 2562 154.
359 2469 424 2558 η’τοι
451 2469 642 2541 ὖποστικτέον
667 2470 808 2564 ἀνδρῶν,
832 2464 878 2541 ίνα
905 2465 1052 2562 στίζωμεν
1078 2468 1166 2563 ίμεν,
1188 2474 1203 2543 o‘
1224 2471 1254 2543 δέ
1272 2472 1365 2568 λόγος

214 2585 271 2676 εἴη,
288 2586 385 2682 διόπερ
403 2584 434 2659 εί
454 2585 502 2666 τίς
524 2619 576 2678 μοι
600 2585 735 2674 πεισθείη
759 2595 814 2658 τῶν
831 2584 955 2671 Λυκίων,
974 2584 1073 2658 οἴκαδε
1098 2586 1312 2682 πορευσόμεθα·
1344 2587 1418 2679 ἢρο

220 2704 229 2728 ε
369 2700 583 2734 (mxv
684 2697 882 2734 θ’·ϊνι
1045 2703 1236 2734 ext!

215 2737 406 2776 θπθσΤθΚΤΕθθ
432 2737 479 2776 Em
507 2735 540 2775 TO
567 2735 656 2797 mcv,
684 2736 709 2774 W
740 2737 760 2803 ῃ
785 2714 1013 2801 απαρέμφᾱτθθ,
1040 2736 1054 2775 0
1076 2704 1106 2776 δε
1134 2704 1170 2776 δὲ
1196 2705 1365 2799 συθδεσμθς

213 2819 388 2919 περισσεύη,
406 2815 499 2918 Τροίη
518 2820 558 2905 δέ,
577 2827 629 2891 τοῦ
650 2817 741 2914 λόγον
757 2824 890 2891 τοιούτου
912 2820 1072 2913 γινομένου,
1091 2818 1189 2920 διόπερ
1208 2829 1254 2893 νῦν
1271 2820 1304 2895 εί
1316 2822 1365 2903 τίς

213 2970 265 3031 μοι
283 2935 418 3025 πεισθείη
435 2947 490 3008 τῶν
507 2934 623 3008 Λυκίων
640 2935 737 3008 οίκαδε
757 2936 963 3032 ὑποστρέφειν,
981 2935 1122 3010 ἀπόλοιτο
1139 2937 1174 3009 ἀν
1191 2941 1209 3027 ἡ
1224 2937 1334 3033 Τροία.

268 3075 336 3144 155.
365 3052 397 3124 τδ
419 3054 630 3146 πεφήσεται
654 3052 706 3124 ον’κ
724 3051 805 3125 ’έστιν
819 3049 919 3147 ’όμοιον
936 3062 978 3151 τῷ
1000 3060 1022 3090 “
1035 3053 1173 3147 πέφαται
1191 3055 1219 3127 δ’
1240 3051 1365 3154 ιίριστος

214 3174 346 3264 Ἀχαιῶν
355 3168 372 3194 ”
392 3169 497 3267 (689),
515 3168 599 3240 ἀλλὰ
620 3170 838 3262 πεφήσεται
862 3168 1003 3268 θλεθρος
1024 3173 1207 3264 φανήσεται.
1381 3197 1417 3258 25

267 3295 339 3358 161.
367 3284 485 3367 *ούτως
503 3285 552 3357 διδι
569 3294 621 3358 τοῦ
637 3286 668 3376 η,
684 3284 842 3375 τεθνηκός.

1110 3405 1199 3432 θλ)

267 3403 349 3476 *καί
369 3437 422 3500 μιν
446 3403 628 3500 ε’ρυσαίμεθα
653 3402 792 3504 χάρμης]
812 3402 864 3477 καί
882 3405 931 3477 διδι
952 3409 1060 3502 μάχης
1080 3438 1169 3478 αντον
1186 3407 1366 3491 εξελκύσαι-

214 3552 280 3616 μεν.

268 3647 338 3731 163.
368 3638 429 3710 ov’tc
445 3636 549 3710 ίσασιν
575 3639 604 3710 οἷ
626 3637 694 3733 περί
716 3636 765 3710 τδν
782 3645 919 3712 Γλαῦκον
944 3639 971 3710 εί
990 3638 1230 3736 ἀποκεκόμισται
1252 3645 1365 3738 όΣαρ·

461 3751 676 3779 “xu‘l
805 3754 813 3778 λ

214 3757 309 3845 πηδθιν
327 3755 369 3835 είς
386 3763 500 3826 Λνκιαν
517 3786 571 3825 νπο
589 3787 640 3826 τον
659 3787 745 3829 νπνον
762 3788 813 3828 και
837 3765 887 3829 τοῖν
905 3761 1038 3830 θανάτου·
1075 3756 1123 3829 διό
1135 3770 1231 3851 φησιν
1248 3757 1365 3857 ἀντιρν-
1381 3790 1418 3847 30

216 3875 325 3946 σιάσαι
343 3870 392 3943 τδν
409 3873 589 3966 Πάτροκλον
606 3870 658 3950 έως
676 3867 713 3944 ἀν
729 3870 855 3965 κομίσαι
874 3871 922 3946 τδν
939 3873 1124 3970 Σαρπηδόνα.

588 3986 597 4012 ἱ
630 3988 638 4013 5
705 3985 714 4010 Ι

266 3987 339 4061 *ότι
359 3986 407 4061 ε’πί
424 3988 548 4084 ἀψύχων
564 4018 599 4061 το
619 3996 821 4086 αγοιμεθα.

258 4254 284 4295 1.
307 4235 358 4292 ἀπὸ
385 4241 430 4291 τοῦ
457 4237 534 4309 φύξω
557 4236 698 4308 μέλλοντος
719 4234 769 4306 ad·
853 4255 900 4311 29.
920 4240 967 4293 οὐκ
980 4234 1119 4320 Cobetus]
1135 4239 1175 4295 ὅτι
1189 4242 1234 4296 οὐκ

210 4312 291 4374 didit
305 4315 464 4375 Bekkerus.
852 4337 898 4393 31.
922 4320 969 4376 ἕως
982 4321 1013 4375 ἂν
1027 4316 1142 4401 κομίσαι]
1159 4324 1192 4379 ὡς
1210 4323 1366 4394 ἀνακομίσαι

260 4416 305 4456 12.
328 4399 431 4458 ὑπόνοια
445 4394 584 4478 Oobetus]
600 4398 639 4454 ὅτι
653 4401 758 4455 ὑπόνοια
809 4396 1056 4460 Friedlaenderus.

258 4491 306 4556 27.
329 4475 546 4562 ΙΙιε’ξελκύσαιμεν]
562 4481 739 4553 ε’ξελκύσωμεν
