2954 4936
652 215 886 310 1011111111.
1284 220 1347 283 aar

198 372 349 435 debebam
364 393 435 433 cum
459 371 587 449 Cobeto,
602 374 639 432 ut
662 392 699 433 ex
722 369 763 433 iis
784 374 924 453 apparet,
947 391 1025 453 quae
1048 393 1142 454 supra
1164 371 1231 436 dixi
1253 373 1293 435 ad
1315 396 1346 456 p.
1377 455 1380 461 .

192 478 243 558 98,
266 496 313 561 13.

241 597 311 662 123.
334 578 374 640 In
398 583 505 642 annot.
521 579 561 642 ad
576 578 632 641 lin.
650 599 669 663 3
685 583 758 641 ante
782 578 813 641 εὖ
836 579 1091 642 Π.-αἰσθάνεται
1114 580 1283 663 typotheta
1296 602 1345 644 as-

192 682 339 744 teriscum
356 682 370 714 *
387 682 502 745 omisit.

242 779 311 848 128.
333 806 358 849 1.
384 781 462 872 864]
480 786 611 869 Corrige
628 787 700 866 846.

240 907 309 972 134.
327 887 378 953 28.
401 889 463 951 Pro
480 908 516 954 21
536 888 656 972 corrige
672 906 723 968 23.

240 1007 311 1075 135.
336 991 376 1053 111
391 997 498 1057 annot.
514 992 571 1056 col.
590 1010 607 1056 2
625 991 680 1056 lin.
698 992 756 1056 ult.
773 1014 854 1075 pone
869 997 1021 1076 punctum
1037 999 1108 1078 post
1122 995 1210 1077 prius
1225 997 1272 1062 ὡς.

241 1095 312 1176 156.
330 1097 381 1159 28.
411 1092 524 1183 χαῖρις]
557 1096 665 1159 Scribe
695 1096 729 1159 in
758 1101 849 1160 textu
879 1101 912 1160 et
937 1097 971 1160 in
1001 1099 1204 1163 annotatione
1237 1098 1345 1163 littera

190 1196 361 1261 maiuscula
376 1204 489 1280 Χαῖρις.

240 1302 310 1381 156.
328 1320 380 1384 29.
407 1302 447 1363 In
462 1301 570 1365 annot.
587 1291 754 1391 άναστρεῖφ]
772 1303 903 1388 Corrige
918 1307 1092 1388 άναστρεφ“.

240 1404 310 1488 163.
330 1408 467 1484 15-28.
491 1403 583 1468 Conf.
600 1405 682 1469 infra
697 1429 726 1488 p.
743 1410 815 1487 256,
835 1409 970 1490 15-26.

239 1521 310 1587 170.
330 1526 380 1569 10.
404 1505 526 1595 Ὑάδας]
545 1508 676 1593 Corrige
690 1507 805 1576 Ὑάδες.

238 1609 375 1692 186.19.
400 1607 487 1698 πρός]
519 1611 643 1692 προάγει
665 1611 779 1675 Rosius
801 1613 836 1676 in
859 1613 994 1692 Aristot.
1017 1615 1288 1698 pseudepigrapbo
1310 1640 1340 1700 p.

194 1714 265 1789 168,
281 1713 394 1778 collato
410 1715 535 1791 κελεύει,
551 1736 612 1798 quo
628 1713 730 1777 utitur
742 1715 909 1780 scholiasta
924 1717 957 1779 in
972 1717 1075 1782 codice
1090 1719 1214 1782 Veneto
1230 1720 1268 1783 B.

238 1819 307 1898 187.
322 1837 353 1897 4.
378 1817 469 1881 Inter
487 1819 561 1896 μείς,
578 1818 661 1901 quod
682 1817 797 1881 lemma
818 1823 867 1882 est
889 1822 929 1883 ab
951 1844 1001 1885 me
1023 1821 1177 1903 additum,
1193 1827 1339 1887 0880011-

188 1921 267 1984 cidit
281 1943 380 1984 uncus
403 1917 429 2010 ].

238 2024 308 2106 187.
325 2026 355 2089 6.
378 2020 484 2113 μηνός]
500 2027 599 2103 μεινός
615 2023 791 2089 Irobcchius
807 2027 940 2111 Paralip.
955 2051 985 2110 p.
1002 2047 1053 2109 91.

237 2129 307 2210 187.
325 2129 376 2194 26.
398 2129 439 2190 In
454 2133 562 2192 annot.
578 2128 657 2192 adde
674 2149 745 2212 199,
763 2148 814 2214 23.
834 2149 906 2208 202,
925 2146 954 2211 7.

235 2233 305 2313 187.
323 2232 374 2299 28.
401 2224 651 2320 σπραγγεύεσθαι]
682 2232 733 2296 Sic
763 2233 880 2294 correxi
903 2233 1018 2296 codicis
1040 2234 1227 2317 scripturam
1249 2262 1338 2318 στρα-

189 2338 326 2400 τεύεσθαι
341 2358 379 2398 ex
395 2333 557 2419 Hesychio
572 2356 596 2398 s,
612 2359 641 2398 v.
659 2337 857 2400 κλοτοπεύειν.
899 2336 1061 2421 Scriptura
1070 2338 1183 2402 vitiosa
1197 2338 1338 2403 fraudem

188 2439 263 2503 fecit
294 2438 479 2502 scholiastae
508 2437 621 2501 codicis
650 2437 767 2502 Veneti
797 2439 835 2515 B,
867 2444 1054 2522 κλοτοπεύειν
1068 2441 1257 2506 ι-κλέττειν
1285 2443 1339 2523 τὴν

187 2544 295 2626 μάχην.
329 2541 347 2621 ἢ
372 2544 411 2609 ὡς
435 2544 509 2606 ἔνιοι
536 2543 755 2622 στρατεύεσθαι·
791 2542 951 2621 τουτέστιν,
976 2545 1009 2608 οὐ
1032 2546 1088 2627 χρὴ
1106 2547 1231 2610 ἐνταῦθα
1252 2549 1338 2613 ὄντας

189 2646 411 2727 στρατεύεσθαι,
427 2645 497 2708 άλλ’
514 2646 545 2709 ἓν
559 2649 599 2731 τῷ
614 2644 742 2730 πολέμῳ.

235 2747 304 2830 187.
321 2767 373 2833 3ο.
400 2748 470 2810 Hoc
496 2746 611 2811 codicis
633 2747 732 2811 Athoi
755 2747 892 2812 scholion
918 2748 1036 2832 legitur
1057 2750 1154 2813 etiam
1175 2750 1207 2813 in
1232 2752 1336 2815 codice

188 2851 311 2915 Veneto
334 2854 397 2935 458
421 2852 466 2914 sic
489 2850 641 2934 scriptum
662 2853 794 2931 ἄρεκτον·
823 2851 889 2931 ἤτοι
904 2853 937 2916 δὲ
955 2853 988 2915 τὸ
1007 2853 1071 2933 περὶ
1088 2857 1139 2932 τῆς
1163 2856 1337 2937 Πατρόκλου

185 2959 281 3037 ταφῆς
296 2955 390 3036 λέγει,
406 2953 424 3033 ἢ
439 2959 490 3034 τῆς
505 2958 555 3017 τοῦ
565 2951 708 3034 Ἕκτορος
723 2954 907 3036 ἀναιρέσεως.

233 3059 303 3141 189.
321 3078 373 3143 3ο.
397 3053 557 3146 τάρφεσιν]
575 3057 1073 3138 κάρφὲσινΙιο110011111οΙ111011108.
1092 3083 1122 3143 p.
1140 3076 1230 3143 297..

231 3181 303 3246 203.
330 3182 359 3229 2.
385 3159 485 3251 δεινῷ]
506 3161 637 3245 Corrige
653 3163 731 3247 δινῷ.

231 3267 304 3333 218.
322 3286 373 3333 22.
397 3267 533 3331 Κάσπιος
548 3265 596 3328 καὶ
611 3267 727 3346 ἐρυθρός
743 3269 792 3328 008
806 3264 972 3329 Villoisoni
988 3266 1146 3331 correctio

231 3391 303 3454 219.
321 3389 372 3454 32.
395 3369 457 3432 Pro
473 3369 533 3454 365
552 3367 674 3451 corrige
688 3387 761 3452 350.
874 3434 877 3440 ,

232 3485 374 3553 221.15.
398 3472 475 3550 άπαξ
505 3466 674 3557 εἰρημένον]
706 3469 896 3535 Addendum
922 3472 955 3533 ἔν
978 3474 1012 3551 τῇ
1036 3471 1140 3536 Ἰλιάδι
1169 3496 1207 3536 ex
1233 3473 1335 3538 codice
1369 3469 1373 3477 ’

189 3575 398 3652 Townlciano‚
423 3575 505 3658 quod
528 3596 566 3637 ex
589 3573 766 3638 coniectura
787 3573 950 3638 addiderat
975 3575 1241 3640 Friedlaenderus.
1285 3578 1335 3640 Ex

186 3681 294 3745 eodem
309 3679 412 3743 codice
424 3677 646 3761 Aristophanis
661 3699 699 3741 ex
710 3677 832 3741 Avibus
843 3677 939 3741 verba
949 3677 972 3742 ὦ
984 3680 1135 3742 Πόσειδον
1146 3685 1198 3742 τοῦ
1208 3682 1336 3761 μάκρους

184 3808 215 3869 p.
234 3785 308 3860 261,
326 3801 362 3848 21
383 3781 526 3866 supplevi
547 3781 581 3844 in
604 3780 708 3844 codice
730 3781 854 3845 Veneto
876 3781 999 3860 omissa,
1021 3787 1053 3846 et
1074 3803 1153 3865 quae
1176 3788 1251 3845 sunt
1272 3783 1335 3848 alia

184 3886 365 3953 huiusmodi
387 3885 613 3969 supplementa,
629 3883 796 3968 dequibus
817 3885 939 3948 dicetur
960 3886 995 3948 in
1016 3883 1272 3950 annotationibus
1294 3887 1334 3951 ad

184 3991 301 4056 scholia
315 3990 431 4054 codicis
445 3987 646 4052 Γ101111Ιο1011.
693 3987 871 4070 Specimina
892 3988 1148 4052 emendationum
1170 3991 1333 4074 proposuit

185 4099 225 4160 A.
243 4098 413 4159 Roemerus
435 4094 470 4156 in
492 4092 710 4156 dissertatione
731 4091 895 4154 Monachii
915 4093 1000 4155 edita
1014 4115 1042 4155 a.
1061 4091 1146 4174 1874
1161 4092 1198 4155 de
1212 4094 1334 4159 scholiis

192 4199 369 4263 Victoriaoir
383 4197 558 4271 Homericis,
574 4196 634 4260 etsi
657 4219 721 4260 non
743 4196 809 4280 ipse
831 4219 905 4259 usus
928 4196 1031 4260 0011100
1053 4195 1261 4275 Townleiauo,
1279 4199 1333 4264 sed

185 4303 366 4386 apographo
381 4301 566 4365 Victoriano
582 4322 672 4384 saepe
686 4299 800 4364 vitioso
815 4299 865 4363 vel
881 4299 1079 4383 interpolato.

229 4426 302 4491 230.
323 4427 351 4469 1.
376 4407 416 4469 In
431 4412 538 4470 annot.
554 4406 594 4468 ad
608 4404 664 4470 lin.
682 4424 700 4471 2
717 4427 773 4489 pro
790 4423 862 4490 230,
879 4425 897 4490 3
914 4405 1035 4488 corrige
1052 4405 1125 4485 236,
1142 4426 1172 4490 3.

230 4512 303 4577 262.
325 4530 372 4576 11.
389 4506 602 4598 κεῖσε-κεῖθι]
619 4509 736 4574 Eadem
753 4509 889 4573 varietas
906 4529 952 4585 11,
966 4509 1040 4593 528.
1060 4528 1110 4587 12,
1123 4510 1185 4595 368
1202 4514 1234 4574 et
1250 4516 1333 4574 κεῖσε

182 4638 238 4701 pro
253 4620 327 4680 κεῖθι
345 4635 393 4690 12,
411 4632 484 4704 359.
