2954 4936
539 203 711 264 ολιΑΔοο
742 205 775 262 2.
808 201 891 279 (18)
1051 198 1058 219 ‘
1230 196 1348 261 173'

140 358 243 455 μη’τηρ
267 355 419 445 έδυκεν,ἡ
445 356 477 428 δέ
500 365 521 397 “
537 363 719 454 σταφυλῇσι
746 353 831 448 μέγα
857 351 1019 448 βρίθουσαν
1042 353 1170 441 άλυῆν”
1191 361 1292 445 (561),

140 470 191 544 ε’πὶ
208 471 323 569 Ἰκαρίῳ
342 471 393 543 καί
406 472 551 544 Διονύσου
569 471 682 570 πορεία.
709 473 722 542 ὃ
741 471 773 542 δέ
789 469 1017 563 ποικιλλύμενος
1033 467 1121 565 χορδς
1136 471 1294 567 Ἀριάδνης

138 589 191 663 καὶ
219 591 346 680 Θησέυς
372 589 437 685 ’έχει
466 592 598 687 πράξεις.
638 587 716 668 ίδιος
743 588 774 660 δὲ
801 583 853 658 καὶ
882 589 903 658 θ’
921 588 1063 683 τεχνίτης
1088 596 1144 659 τῶν
1168 585 1294 676 Ἀθηνῶν

132 708 328 800 Ἥφαιστος·
367 705 538 804 Ἐριχθονίῳ
568 705 628 802 γάρ
654 714 695 802 τῷ
723 705 772 802 υἱῷ
797 702 989 797 χαριζύμενος
1016 703 1212 788 βασιλεύοντι
1238 713 1294 774 τῶν

139 823 267 912 Ἀθηνῶν
296 825 349 911 την
378 824 517 911 τοιαύτην
550 822 740 910 κατασκευῶν
769 823 992 918 παρεισήγαγε.
1039 818 1088 892 τῶν
1121 821 1153 892 δέ
1176 816 1325 920 Ἀρειον5

139 944 235 1037 πάγον
255 941 405 1038 έρμηνεύει
423 938 472 1011 τῶν
491 936 564 1033 ἱερδν
581 939 696 1010 κύκλον·
731 939 759 1010 οἱ
775 938 806 1010 δέ
823 935 967 1010 δικασταί
982 943 1143 1026 Ἀθηναῖοι.

191 1057 241 1129 διὰ
257 1055 343 1129 ποίαν
361 1055 461 1128 αι’τίαν
478 1054 565 1149 μένος
582 1060 596 1128 o‘
615 1053 756 1135 Ὠκεανδς
778 1053 913 1148 ποταμδς
932 1056 963 1128 ού
981 1057 1110 1148 πάρεστι
1128 1061 1168 1153 τῇ
1186 1054 1295 1142 ε’κκλη-

142 1175 195 1271 σία
221 1183 277 1245 τῶν
302 1182 367 1244 θεῶν
378 1205 391 1256 ;
415 1173 516 1272 ῥητέον
542 1173 573 1244 δέ
600 1171 644 1244 ῶτι
672 1170 735 1244 ἐπεὶ
759 1169 926 1244 σννεκτικδν
953 1171 1018 1268 ’έχει
1045 1179 1096 1242 τοῶ
1121 1171 1236 1262 κύσμου
1259 1169 1294 1243 τδ

139 1296 248 1390 ῥεῦμα·
273 1289 354 1384 φησὶ
370 1290 430 1387 γῶρ
448 1300 469 1332 “
481 1287 634 1374 Ὠκεανδς,
654 1286 674 1389 ᾧ
691 1302 780 1362 πᾶσα
797 1287 967 1387 περίρρυτος
985 1289 1128 1360 ε’νδέδεται
1146 1284 1251 1385 χθῶν.”

193 1436 269 1499 492.
298 1406 360 1480 *έκ
385 1405 539 1506 θαλάμων]
564 1405 725 1496 Ζηνόδοτος
751 1407 789 1488 ές
816 1409 1012 1501 θαλάμους·
1049 1404 1099 1476 καὶ
1131 1404 1212 1476 ἔστιν
1242 1404 1294 1476 ούκ
1310 1435 1347 1474 10

141 1525 284 1607 ἀπίθανος
300 1529 319 1615 ἡ
335 1527 452 1621 γραφή.

194 1642 268 1713 *ύτι
293 1646 311 1732 ἡ
333 1641 405 1714 ύπά
418 1641 483 1712 ἀντὶ
502 1652 557 1731 τῆς
572 1619 668 1736 μετά,
684 1642 766 1737 μετα
780 1639 878 1739 δηίδυν·
914 1640 1101 1739 Ἀρχίλοχος
1118 1653 1138 1682 “
1154 1637 1227 1738 ᾅδων
1245 1640 1294 1711 ὑπ’

142 1759 344 1857 αύλητῆρος.”
374 1756 424 1831 καί
446 1756 517 1853 πρδς
541 1757 575 1830 τδ
599 1759 723 1856 άρχαῒον
747 1758 818 1846 έθος,
837 1758 881 1830 θτι
906 1758 934 1830 οἱ
956 1754 1077 1852 νυμφίοι
1100 1758 1156 1840 τῶς
1173 1757 1294 1852 νύμφας

142 1877 224 1970 μετὰ
243 1871 333 1972 δᾴδων
351 1878 628 1974 παρελαμβάνοντο.

194 2019 272 2085 493.
309 1991 403 2073 πολύς
434 1991 458 2063 δ’
491 1992 629 2085 ὑμέναιος
658 1989 772 2090 α’ρῶρει]
805 1991 923 2081 ε’ξῆπτο,
956 1990 1131 2088 διεγηγερτο
1161 1988 1294 2079 πλείστη
1312 2021 1347 2082 15

144 2112 299 2204 γαμήλιος
316 2111 385 2208 φδῆ.
416 2107 465 2181 τδν
483 2110 514 2180 δὲ
535 2109 669 2202 ὑμέναιον
687 2108 918 2204 ἐτυμολογοῦσιν
935 2108 965 2179 οἷ
983 2108 1039 2200 μὲν
1056 2105 1114 2179 άπδ
1131 2115 1183 2179 τοῶ
1207 2104 1295 2179 ναίειν

144 2229 217 2317 ὃμοῶ
234 2224 282 2297 τῶν
299 2225 424 2320 νυμφίον
440 2225 491 2298 καὶ
508 2226 561 2314 την
578 2226 705 2315 νύμφην,
723 2225 812 2297 άλλοι
832 2225 863 2296 δέ
876 2233 1023 2318 φυσικῶς,
1038 2222 1102 2296 ἐπεὶ
1121 2224 1196 2315 ὑμήν
1214 2223 1296 2295 ἔστιν

144 2345 159 2414 o‘
184 2343 362 2442 ῥηγνύμενος
388 2342 416 2415 έν
442 2352 480 2442 τῇ
504 2352 560 2414 τῶν
586 2344 727 2440 παρθένον
749 2341 927 2439 διακορησει.
964 2340 993 2413 οἵ
1016 2341 1056 2426 δὲ,
1075 2339 1120 2412 θτι
1137 2339 1296 2435 Ὕμέναιάς

144 2493 194 2542 τις
210 2459 347 2556 Ἀργεῖος
369 2459 545 2557 παραπλέον
562 2459 619 2539 τῶς
634 2461 762 2544 Ἀθήνας
785 2459 958 2541 κατέλαβεν
975 2457 1123 2537 Ἀττικῶς
1140 2458 1296 2556 παρθένους

80 2630 86 2638 -
144 2577 352 2674 ἆρπαζομένας
375 2574 429 2648 ύπδ
447 2583 623 2672 Πελασγῶν
640 2585 732 2658 τινῶν,
750 2571 799 2654 αἶς
823 2570 979 2667 ἐπιφανείς
995 2572 1093 2654 αἴτιος
1111 2573 1226 2668 ἐγένετο
1244 2583 1295 2646 τοῶ
1310 2615 1349 2656 20

144 2697 190 2789 μη
208 2703 383 2784 βιασθῆναι,
401 2695 566 2792 άπαδιιύξας
592 2693 660 2774 τούς
677 2693 874 2789 Πελασγούς.
910 2692 959 2763 διῶι
983 2700 1068 2763 τοῶτο
1095 2687 1141 2764 ούν
1160 2693 1195 2764 αἶ
1215 2692 1295 2788 νομί-

144 2845 209 2907 μυς
229 2811 431 2911 γαμούμεναι,
450 2813 549 2907 ῶσπερ
568 2811 800 2905 έπικαλούμεναι
822 2807 920 2897 αύτδν,
941 2805 1026 2903 ύμνον
1044 2810 1109 2881 τινα
1131 2809 1235 2906 έλεγον
1252 2812 1295 2890 εἷς

176 2929 184 2953 υ
208 2927 217 2952 x
260 2928 275 2961 (ο
313 2929 321 2954 ν
353 2934 362 2956 ι
453 2929 462 2953 ε
497 2931 506 2958 ν

145 2961 243 3016 αυτον,
262 2962 291 3002 ον
308 2945 430 3002 εκαλουν
449 2962 591 3024 υμεναιον.

334 3045 350 3071 el
398 3045 406 3071 5
449 3049 459 3074 Ι

196 3070 272 3140 495.
301 3045 374 3118 *οτι
393 3047 491 3118 ενθαδε
508 3045 592 3138 μάνου
608 3041 664 3117 καὶΙ
678 3045 706 3116 ε’ν
722 3053 760 3145 τῇ
779 3051 809 3115 Κ
828 3043 901 3140 (13)
919 3045 1070 3140 μέμνηται
1088 3043 1208 3117 αύλῶν.

196 3172 269 3256 496.
298 3162 373 3236 *ύτι
391 3163 567 3258 θαύμαζον
585 3163 710 3248 έθεῶντο,
729 3162 781 3233 ούκ
799 3161 1022 3251 έξεπλήττοντο.
1310 3200 1347 3262 25

196 3309 270 3375 497.
298 3275 429 3367 ένείκεον]
454 3279 660 3373 ἐφιλονείκουν,
680 3279 907 3372 ἠμφισβήτουν·
942 3280 1131 3376 δικαστήριον
1152 3280 1213 3377 γῶρ
1231 3278 1295 3352 εἶσ-

146 3401 216 3494 άγει
239 3398 289 3470 δύο
313 3408 394 3470 τινῶν
417 3397 531 3495 ἀνδρῶν,
552 3392 587 3468 ῶν
604 3398 618 3467 ύ
637 3397 692 3491 μὲν
710 3396 926 3492 ἐγκαλούμενος
948 3398 1038 3468 ε’δθκει
1066 3397 1162 3491 λύτρα
1186 3397 1295 3469 άποδε·

147 3516 265 3588 δυκέναι
290 3513 361 3608 ύπέρ
378 3522 430 3586 τοῦ
453 3515 668 3606 πεφονευμένον
693 3513 842 3608 ε’πιτίμια,
860 3517 874 3586 ὃ
891 3515 923 3586 δέ
945 3515 1077 3610 έγκαλῶν
1096 3512 1185 3609 έλεγε
1203 3514 1295 3607 μηδὲν

147 3633 314 3725 εἰληφέναι·
342 3632 390 3704 δύο
408 3631 439 3704 δέ
457 3635 594 3703 τάλαντα
610 3631 736 3730 χρυσίου
754 3634 920 3718 κατέθεντο,
937 3631 1015 3704 ῶστε
1032 3627 1082 3702 τῶν
1099 3628 1295 3714 ἀποδείξαντα

111 3812 116 3816 .
146 3749 181 3823 τδ
207 3750 317 3838 άληθές
342 3756 451 3834 λαβεῖν
480 3747 651 3842 ἀμφύτερα.
687 3759 812 3839 ποινῆς
841 3746 888 3823 οῶν
913 3750 996 3844 λέγει
1028 3757 1083 3836 τῆς
1110 3747 1294 3839 καλουμένης
1308 3777 1348 3833 3ο

146 3866 229 3964 παρῶ
254 3875 318 3948 τοῖς
342 3864 495 3947 Ἀττικοῖς
520 3875 575 3938 τῶν
601 3865 768 3959 ύποφονίιον,
795 3862 817 3937 ἃ
842 3865 980 3939 ἐδίδοσαν
1004 3873 1069 3945 τοῖς
1098 3862 1213 3943 ον’κείοις
1239 3874 1295 3936 τῶν

191 4104 217 4143 2.
239 4084 366 4141 Διονύσου
379 4080 462 4165 ἯΠ]
479 4084 589 4162 διονύσῳ
785 4103 832 4156 24.
855 4082 945 4165 μόνον]
973 4085 1030 4156 μού,
1060 4082 1140 4159 quod
1167 4103 1220 4160 pro
1247 4086 1294 4157 μέν

189 4181 218 4240 5.
239 4169 283 4222 τὸν
297 4167 325 4222 δὲ
339 4165 500 4239 Bekkerus]
517 4169 545 4222 δὲ
560 4186 615 4224 om.
743 4165 852 4241 accepit
865 4165 935 4225 Vill.

190 4248 217 4306 6.
238 4243 377 4328 Ἀθηναῖοι]
393 4249 459 4318 ἇθηιῖ
786 4260 832 4320 25.
855 4247 981 4319 θαύμαζον
994 4244 1107 4304 addidit
1121 4245 1280 4307 Bekkerus.

139 4360 142 4366 ·
189 4331 216 4387 8.
238 4332 269 4386 τὸ
281 4329 362 4403 ῥεῦμα
378 4325 540 4410 Bekkerus]
555 4333 585 4386 τὸ
601 4350 656 4388 om.
786 4341 833 4402 27.
859 4329 1042 4404 ἐγκαλούμενος
1068 4325 1180 4410 ΒθΙίΙι]
1209 4332 1294 4388 εἰσκα-

190 4429 239 4471 20.
261 4413 433 4486 ἁρπαζομέναο
451 4410 534 4486 Vill.]
556 4413 702 4484 ἀσπαζομέ-
742 4410 865 4482 λούμενος

146 4515 192 4552 νινε
788 4511 835 4570 31.
856 4487 1018 4572 ὑποφονίων]
1031 4502 1048 4555 ’ὖ
1062 4494 1166 4567 φονίων
