2954 4936
133 193 198 256 324
532 202 701 262 ιλιλοου
733 203 769 262 λ.
800 199 886 282 (ιι)

180 366 253 436 513.
278 349 380 439 κόπτε]
398 351 508 431 ἔπληξε
596 367 670 436 515.
692 351 752 416 οὐδ’
769 348 990 441 ἀλαοσκοπιήν]
1008 352 1060 416 οὐκ
1075 352 1185 416 ἔλαθεν
1200 352 1291 417 αὐτόν

178 455 252 538 516.
277 453 424 544 ἕπουσαν]
441 459 621 539 ἐνεργοῦσαν

179 572 254 639 521.
278 557 491 648 ἀσπαίροντας]
509 564 773 642 ψυχορραγοῦντας

179 665 213 725 ἐν
228 662 393 748 ἀργαλέῃσι
407 661 553 752 φονῇσιν]
570 669 630 731 τοῖς
644 666 745 728 τόποις
759 664 792 726 ἐν
805 663 850 728 οἶς
864 661 976 726 ἔκειντο
990 664 1019 726 οἱ
1033 663 1133 744 νεκροί

178 778 253 846 522.
276 766 435 856 ὀνόμηνεν]
452 767 489 846 ἐξ
501 770 646 848 ὀνόματος
661 766 804 831 ἐκάλεσεν
1303 786 1321 845 5

175 881 249 954 523.
274 867 422 959 κυδοιμός]
440 874 566 953 θόρυβος

178 985 253 1052 524.
276 976 425 1038 θυνόντων
440 971 556 1062 ἄμυδις]
574 976 647 1054 ὁμοῦ
663 977 705 1042 είς
719 974 771 1039 τάν
785 974 876 1039 αὐτὸν
890 977 983 1039 τόπον
997 959 1156 1056 ἀρμώντων

178 1080 300 1155 θηεῦντο
316 1079 348 1140 δέ
362 1077 490 1160 μέρμερα
505 1075 590 1166 ἔργα]
607 1080 682 1158 μετὰ
696 1080 843 1159 θαύματος
857 1080 1000 1158 ἐθεώρουν

177 1179 253 1259 526.
277 1177 404 1268 σκοπὸν]
421 1180 611 1244 κατάσκοπον
740 1194 814 1262 527.
837 1177 933 1268 ἔρυξε]
951 1179 1081 1262 κατέσχε

83 1318 86 1323 -
177 1294 252 1367 533.
275 1288 389 1362 πρῶτος
411 1285 520 1347 κτύπον
541 1280 603 1371 ἀῖε]
631 1285 701 1348 όδέ
728 1284 855 1365 Νέστωρ
879 1290 992 1364 πρῶτος
1017 1290 1070 1347 τοῦ
1092 1285 1201 1366 ψόφου
1228 1289 1289 1349 τῶν
1304 1305 1341 1348 10

133 1389 232 1449 ποδῶν
244 1383 353 1472 ᾔσθετο

176 1500 250 1573 535.
275 1489 352 1570 ἀμφὶ
368 1485 531 1578 κτύπος-]
544 1491 721 1570 προσκόπει
736 1491 771 1578 τῇ
786 1489 860 1577 ἀκοῇ
877 1493 893 1553 ὃ
907 1491 981 1574 ἦχος

176 1604 250 1676 537.
273 1590 451 1680 ἐλασαίατο]
468 1594 651 1673 ἀπηλακότες
665 1595 723 1659 είεν
853 1595 928 1679 538.
951 1591 1053 1682 αίνῶς]
1070 1594 1142 1657 λίαν
1155 1593 1235 1658 πάνυ

178 1707 252 1778 539.
276 1692 457 1783 ὀρυμαγδοῦ]
477 1700 529 1760 νῦν
543 1702 595 1759 τοῦ
610 1696 742 1776 πλήθους
854 1697 928 1777 546.
953 1693 1173 1784 ἀντιβολήσας]
1191 1699 1286 1760 ἀταυ-

79 1838 81 1844 ·
132 1796 224 1876 τήσας
956 1880 959 1887 Ι
1302 1813 1333 1873 15

176 1900 251 1982 558.
276 1900 431 1991 νεήλυδες]
448 1904 555 1968 νεωστὶ
570 1906 749 1983 ἐληλυθότες
870 1899 1022 1992 ἐρεείνεις]
1039 1904 1159 1982 περιιὸν
1174 1905 1286 1987 ἐρωτᾷς

176 2017 251 2087 559.
274 2005 327 2069 τδν
342 2007 376 2069 δέ
390 2003 480 2095 σφιν]
498 2009 562 2071 ἀντὶ
577 2014 629 2071 τοῦ
645 2008 735 2072 αὐτόν
831 2008 905 2088 562.
923 2004 1079 2095 διοπτῆρα]
1097 2006 1287 2071 κατάσκοπον

176 2109 251 2190 569.
273 2111 414 2189 μελιηδέα
429 2108 535 2199 πυρὸν]
552 2112 620 2190 ήδδς
635 2111 762 2192 ἀνθηρόν
777 2116 863 2174 σῖτον

176 2225 251 2293 570.
274 2209 337 2301 νηί]
355 2214 420 2277 ἀντὶ
435 2220 488 2276 τοῦ
503 2216 576 2281 νεώς
706 2227 781 2298 573·
805 2211 917 2302 λόφον]
936 2214 1056 2297 αὐχένα,
1072 2211 1225 2297 τρόχηλον

73 2319 110 2356 „1
170 2359 172 2364 -
176 2316 250 2396 576.
274 2314 469 2405 ἀσαμίνθους]
486 2318 622 2396 πυέλους,
638 2318 717 2398 παρὰ
738 2317 773 2380 τὸ
795 2317 848 2396 τὴν
870 2317 958 2396 ἄσην,
981 2318 999 2379 ὅ
1019 2319 1085 2380 ἔστι
1108 2317 1160 2380 τὸν
1181 2318 1283 2398 ῥύπον,
1299 2332 1333 2371 ²0

133 2420 263 2499 μινύθειν
279 2418 326 2483 καὶ
340 2425 443 2498 μειοῦν

175 2534 250 2603 577.
272 2519 351 2610 λίπ’]
368 2529 482 2608 λιπαρῷ
614 2522 689 2604 578.
713 2519 899 2609 ἐφιζανέτην]
916 2520 1111 2602 πορεκόθιζου

175 2639 249 2707 579.
272 2623 392 2713 πλείου]
409 2628 552 2708 γέμοντας

615 2810 652 2871 ιι.
700 2809 794 2891 (11)

176 2958 206 3024 3.
229 2934 388 3025 προΐαλλε]
406 2937 592 3001 ἀπέστελλεν

174 3041 317 3121 πολέμοιο
331 3037 430 3128 τέρας]
446 3045 684 3122 περιφραστικῶς
697 3040 732 3103 τὸ
747 3039 889 3120 πολέμοιο
905 3043 986 3119 σῆμα

175 3146 205 3207 6.
228 3140 411 3231 γεγωνέμεν]
427 3149 506 3223 βοῶν
638 3156 688 3224 15.
711 3137 888 3230 ζώννυσθαι]
907 3143 1135 3219 καθοπλίζεσθαι

178 3248 227 3312 16.
251 3244 382 3335 νώροπα]
400 3248 536 3328 λαμπρόν
668 3265 717 3313 21.
742 3243 883 3334 πεύθετο]
902 3246 1024 3324 ἠκούετο

73 3379 92 3389 ··
176 3369 226 3428 24.
250 3347 342 3437 οἶμοι]
359 3355 580 3429 μεταληπτικῶς
595 3350 659 3414 ἀντὶ
673 3356 725 3413 τοῦ
739 3348 849 3430 ῥάβδος

176 3451 308 3542 κυάνοιο]
324 3456 463 3534 μέλανος,
480 3460 716 3531 καταπληκτικοῦ
1297 3476 1331 3532 3ο

176 3557 227 3622 26.
251 3553 432 3644 ὀρωρέχατο]
450 3555 620 3635 ἐξετέταντο
752 3568 804 3636 27.
826 3551 954 3642 ίρισσιν]
971 3559 1035 3620 ταῖς
1050 3555 1083 3616 ἐν
1097 3557 1137 3640 τῷ
1152 3555 1265 3640 οὐρανῷ

174 3680 226 3744 31.
249 3657 458 3748 ἀορτήρεσσιν]
476 3667 536 3727 τοῖς
551 3661 734 3741 ἀπαιωροῦσι
749 3661 783 3723 τὸ
799 3657 887 3739 ξίφος
903 3660 986 3738 ἱμᾶσι
1015 3686 1018 3692 ·
1034 3707 1039 3714 -

175 3782 227 3848 32.
251 3759 364 3850 θοῦριν]
381 3761 554 3842 πολεμικήν,
571 3762 721 3840 εὐκίνητον
736 3763 784 3826 καὶ
799 3763 913 3844 κούφην
927 3762 968 3846 τῷ
985 3765 1129 3843 φοροῦντι

73 3878 77 3883 ’
150 3878 153 3887 ’
176 3867 228 3951 36.
251 3862 457 3953 βλοσυρῶπις]
475 3865 735 3946 παρασκευαστικὴ
752 3869 848 3947 φυγῆς
862 3871 921 3928 τῶν
935 3866 1071 3945 ὁρώντων

173 3990 226 4048 44.
249 3967 298 4033 ἀπ’
315 3967 456 4057 αὐτόφιν]
474 3968 524 4033 ἀπ)
541 3969 635 4032 αὐτῶν
764 3980 817 4048 45.
841 3963 1043 4055 ἐγδούπησαν]
1057 3968 1282 4049 ε’πεβρόντησαν
1295 3986 1329 4047 35

174 4092 227 4155 49.
250 4070 387 4160 πρυλέες]
405 4073 484 4148 πεζοὶ
501 4075 619 4136 ὁπλῖται

175 4190 227 4256 5ο.
250 4174 368 4264 ῥώοντ’]
386 4179 489 4256 ὥρμων
604 4176 677 4254 ἠῶθι
691 4171 763 4264 πρό]
782 4173 905 4256 πρὸτῆς
920 4176 1075 4254 ἀνατολῆς,
1090 4174 1160 4253 πρὶν
1174 4175 1282 4258 ἡμέρας

175 4293 227 4359 51.
250 4277 345 4367 φθὰν]
362 4280 533 4361 προέλαβον
548 4280 613 4344 τοὺς
630 4281 729 4347 ἱππεῖς
815 4291 868 4358 52.
892 4274 1081 4366 μετεκίαθον]
1097 4277 1161 4358 μετ’
1178 4279 1282 4345 αὐτοὺς

130 4385 224 4465 ἦλθον

176 4498 227 4566 54.
250 4483 411 4573 μυδαλέας]
429 4487 606 4568 διαβρόχους
737 4486 789 4566 56.
813 4482 955 4573 θρωσμῷ]
972 4486 1062 4550 τόπος
1079 4485 1197 4566 ὑψηλός
1295 4503 1331 4558 40
