2954 4936
153 171 156 175 ¹
211 214 254 275 50
610 214 780 274 ιλικοοο
812 211 848 276 ε.
879 211 965 293 (14)

262 394 337 460 319.
364 363 501 463 Δανάης]
526 367 632 453 Δανάη
654 363 802 459 Ἀκρισίου
827 367 969 459 θυγάτηρ,
995 364 1014 453 ή
1040 361 1095 437 Διῖ
1121 370 1362 461 συγκοιμηθεῖσα

213 482 340 580 Περσέα
362 479 509 577 έγέυνησε.
541 480 681 578 χρωμένη
698 481 770 577 γδρ,
788 477 882 573 φασῖ,
899 488 941 579 τῷ
958 479 1105 580 Ἀκρισίρ
1123 479 1190 578 περὶ
1214 479 1362 574 γενέσεως

213 600 333 696 άρρέυων
341 595 452 671 παίδων
468 601 483 670 o‘
500 595 562 678 θεδς
580 597 640 688 έφη
656 597 794 693 γενέσθαι
808 598 907 670 παῖδα
924 597 958 670 έκ
971 607 1026 686 τῆς
1039 593 1184 696 θυγατρδς
1200 596 1292 669 αύτοῖι
1309 593 1362 668 καῖ

214 714 302 789 αύτδν
318 725 441 788 κτεῖναι·
468 713 572 795 δείσας
589 713 620 786 δὲ
640 717 655 786 o‘
671 711 824 812 Ἀκρίσιος
842 723 938 802 τοῦτο,
956 715 1037 787 κατῖι
1052 725 1112 812 γῆς
1128 716 1262 810 θάλαμον
1277 729 1362 808 χαλ·

212 840 279 904 κοῢν
295 834 533 911 κατασκευάσας
558 830 612 918 την
628 831 751 918 Δανάην
775 829 920 928 έφρούρει.
954 832 1032 921 αύτῖρ
1054 829 1096 920 δέ,
1120 831 1159 914 ύς
1183 844 1264 925 φησι
1285 827 1393 913 [lh-5

212 949 299 1048 δαρσς
316 940 369 1020 καῖ
385 946 473 1019 άλλοι
492 946 581 1034 τινές,
599 946 713 1044 έφθάρη
733 944 787 1018 ύπδ
805 956 857 1020 τοῖν
873 949 1089 1047 πατραδέλφου
1104 948 1200 1036 αύτῆς
1216 944 1360 1043 Προίτου,

211 1063 271 1138 θ’θεν
288 1064 391 1146 αύτοῖς
409 1059 460 1135 καῖ
487 1065 600 1144 στάσις
618 1062 740 1152 ε’κινήθη.
775 1064 814 1145 ὥς
830 1065 862 1136 δὲ
883 1064 955 1138 ένιοί
968 1077 1064 1157 φασιν
1082 1069 1096 1138 ὅ
1114 1064 1190 1145 Ζεὺς
1206 1095 1363 1162 μεταμορ-

210 1179 319 1275 φωθεῖς
337 1180 380 1262 εἷς
399 1176 512 1276 χρυσδν
528 1176 580 1251 καῖ
604 1179 652 1250 διδι
669 1189 725 1268 τῆς
749 1180 859 1278 σ’ροφῆς
883 1180 927 1262 είς
944 1179 993 1254 τδν
1009 1183 1134 1270 Δανάης
1154 1179 1234 1279 ῥυεῖς
1253 1179 1363 1252 κύλπον

212 1305 359 1386 συνῆλθεν.
395 1293 570 1391 αι’σθύμενος
595 1294 626 1368 δὲ
644 1295 802 1394 Ἀκρίσιος
829 1295 950 1396 ύστερον
976 1299 1009 1383 ἔξ
1033 1298 1128 1387 αύτῆς
1152 1297 1363 1394 γεγεννημένον

168 1432 173 1446 “
211 1414 348 1512 Περσέα,
365 1413 410 1506 μή
435 1412 606 1492 πιστεύσας
631 1411 683 1484 ύπδ
700 1411 776 1494 Διδς
800 1413 942 1511 ἐφθάρθαι
960 1416 1015 1504 τήν
1030 1416 1180 1512 θυγατέρα
1203 1414 1286 1509 μετδι
1310 1422 1362 1486 τοῦ
1378 1441 1414 1483 ιο

210 1528 316 1610 παιδδς
342 1529 386 1611 εἷς
413 1531 547 1624 λάρνακα
572 1531 678 1615 βαλῖνν
701 1527 817 1627 έρριψεν
843 1530 888 1611 εἷς
911 1533 1080 1603 θάλασσαν.
1114 1531 1311 1603 διασωθέντων
1331 1530 1362 1602 δὲ
1435 1552 1438 1556 ’

210 1646 319 1719 τούτων
336 1646 380 1727 είς
397 1645 526 1743 Σέριφον
542 1647 596 1734 τήν
620 1655 714 1734 νῆσον,
738 1644 812 1740 μίαν
828 1656 884 1718 τῶν
902 1647 1074 1734 Κυκλάδων,
1097 1648 1210 1736 συνέβη
1232 1647 1364 1742 άνατρα-

210 1772 302 1856 φήναι
323 1760 372 1834 τδν
396 1762 495 1834 παῖδα
518 1761 601 1857 παρδι
623 1762 804 1864 Πολυδέκτῃ
826 1761 856 1852 ή,
874 1764 913 1844 ὥς
931 1762 1004 1836 ένιοί
1023 1777 1130 1857 φασιν,
1154 1761 1208 1835 ὖπδ
1230 1759 1364 1842 Δίκτυος

211 1887 263 1951 τοῦ
287 1878 420 1971 άδελφοῦ
440 1878 641 1952 Πολυδέκτου.
675 1875 824 1974 φυγύντος
846 1880 878 1952 δὲ
903 1876 1025 1978 ύστερον
1040 1879 1196 1979 Ἀκρισίου
1218 1879 1272 1968 τήν
1289 1877 1363 1977 Ἀρ·

169 2042 172 2048 -
209 1993 296 2092 γείων
313 1993 479 2081 βασιλείοιν
496 1995 655 2093 παρέλαβε
674 1994 821 2091 Περσεύς.
1379 2027 1415 2087 15

262 2139 336 2205 322.
364 2108 598 2210 *Ἀρίσταρχος
616 2111 743 2184 Μίυων
761 2111 814 2183 σδν
831 2121 872 2212 τῷ
888 2115 914 2198 ν,
933 2111 1091 2202 Ζηνοδοτος
1110 2110 1202 2211 χωρῖς
1217 2120 1271 2186 τοῦ
1286 2114 1311 2188 ἶ.

260 2228 475 2327 Ῥαδάμανθυν]
500 2228 562 2302 ε’πεῖ
586 2228 680 2324 ε’μάνη
702 2226 768 2324 περῖ
786 2230 825 2300 τδι
847 2228 921 2328 ῥύδα
940 2230 979 2302 τδι
1000 2227 1054 2301 ύπδ
1070 2238 1123 2302 τοῦ
1139 2228 1249 2327 ταύρου
1264 2230 1363 2328 προῖέ-

211 2364 288 2439 μενα
304 2349 323 2436 ή
342 2344 480 2443 Εύρύπη,
493 2345 695 2439 Ῥαδάμανθυν
713 2344 840 2417 έκάλεσε
858 2344 907 2417 τδν
925 2346 1032 2419 παῖδα.

261 2489 336 2556 323.
364 2459 553 2559 Ἀλκμήνης]
576 2462 754 2554 Ἀλκμήνης
771 2471 827 2551 τῆς
844 2463 1058 2559 Ἠλεκτρύονος
1079 2460 1130 2535 καῖ
1145 2462 1290 2549 Ἀναξοῖς
1305 2471 1364 2551 τῆς

211 2576 356 2673 Ἀγκαίου
382 2579 496 2677 ήράσθη
522 2579 717 2676 Ἀμφιτρύων,
741 2577 774 2660 δς
798 2580 905 2651 άνελῖιν
930 2579 1134 2679 Ἠλεκτρύουα
1160 2587 1238 2667 βοῶν
1261 2580 1359 2674 άμφι-
1380 2615 1417 2656 20

214 2696 395 2784 σβητήσεως
410 2697 500 2792 χάριν
518 2695 550 2779 έξ
563 2691 698 2793 ’Ἀργους
715 2693 826 2790 ’έφνγεν
852 2697 895 2778 εἷς
919 2699 1042 2785 Θήβας·
1071 2695 1124 2768 σδν
1147 2696 1228 2795 αύτῷ
1253 2695 1286 2770 δέ
1310 2696 1363 2769 καῖ

211 2812 380 2906 Ἀλκμήνη.
415 2811 624 2907 ύποδεχθέντες
645 2812 676 2884 δὲ
697 2812 835 2906 ἀσμένως
852 2811 907 2886 ύπδ
925 2823 980 2885 τοῖν
997 2812 1219 2900 βασιλευύντωυ
1235 2824 1292 2904 τῆς
1308 2812 1364 2888 τί·

211 2942 287 3007 λεοις
305 2926 449 3021 Κρέοντος
472 2923 521 2997 καῖ
538 2925 685 3024 Ἥνιάχης
708 2937 802 3016 τιμῆς
825 2928 988 3026 έτύγχανον
1004 2926 1167 3025 μεγίστης.
1202 2930 1235 3003 ού
1252 2938 1365 3017 βουλο·

211 3044 304 3137 μένης
321 3043 352 3115 δὲ
367 3041 533 3137 Ἀλκμήνης
556 3053 738 3140 γαμηθῆναι,
763 3046 791 3118 εἶ
811 3048 855 3140 μη
879 3047 908 3118 οῖ
923 3057 1024 3139 φονεῖς
1043 3057 1098 3118 τῶν
1114 3046 1251 3141 ἀδελφῶν
1267 3047 1365 3137 αύτής

211 3159 382 3258 άναιρεθῶσι
408 3156 581 3248 Τηλεβύαι,
607 3160 833 3256 κατηγωνίσατο
864 3163 974 3243 αύτούς
997 3161 1200 3263 Ἀμφιτρύων,
1226 3180 1365 3262 προσλα-
1379 3189 1416 3251 25

211 3274 340 3370 βύμενος
363 3277 546 3370 συμμάχους
566 3276 713 3358 Βοιωτοῖς
739 3275 790 3349 καῖ
814 3277 955 3379 Λοκρούς,
973 3279 1018 3352 ’έτι
1043 3280 1072 3353 δὲ
1091 3287 1216 3369 Φωκεῖς,
1235 3280 1366 3354 ε’νιαντδν

211 3392 440 3490 προσεδρεύσας.
476 3393 512 3473 ὥς
537 3393 568 3466 δέ
593 3393 785 3490 ὑποστρέψας
802 3394 860 3468 οἷπδ
879 3406 932 3485 τῆς
958 3397 1121 3492 στρατείας
1143 3395 1200 3494 ήγε
1216 3397 1288 3479 τοὺς
1303 3400 1363 3494 γά-

212 3539 288 3602 μους
314 3509 419 3581 έαυτοῦ
445 3541 478 3581 τε
503 3507 555 3582 καῖ
579 3508 763 3603 Ἀλκμήνης,
789 3520 827 3614 τῇ
852 3511 930 3612 αύτῇ
956 3511 1037 3586 νυκτῖ
1064 3511 1199 3613 ε’ροισθεῖς
1228 3514 1322 3605 αύτῆς
1349 3519 1365 3589 θ

213 3624 290 3706 Ζεύς
310 3622 361 3696 καῖ
384 3623 532 3708 είκασθεῖς
548 3626 744 3724 Ἀμφιτρύωνι
769 3629 862 3723 έμίγη
888 3627 939 3702 καῖ
964 3629 1023 3702 υῖδν
1040 3630 1186 3720 έποίησεν·
1209 3631 1316 3724 ὅμοίως
1332 3632 1365 3706 δέ

212 3739 263 3813 καῖ
284 3743 480 3842 Ἀμφιτρύων
504 3754 544 3844 τῇ
570 3745 650 3843 αὐτῇ
681 3745 773 3818 νυκτί.
811 3745 865 3835 ήδη
892 3746 915 3818 δ’
941 3746 1052 3837 έκείνης
1077 3744 1126 3820 τάν
1152 3749 1365 3844 ἑπταμηνιαῖον
1378 3780 1416 3839 3ο

254 4076 281 4131 4.
308 4056 655 4139 *κτεῖναι-τοῦπο-γῆτ]
679 4060 768 4117 κτείνει
855 4079 900 4134 23.
921 4062 1245 4135 Ἠνιόχην-ἀναιρεθῶσι
1276 4081 1365 4141 supra

211 4140 424 4215 -τοῦτῳ-ηῆν,
809 4161 938 4199 rasuram
952 4142 1045 4200 literis
1058 4141 1236 4202 minusculis.

256 4233 281 4292 7.
304 4217 425 4301 11ιαὐτοῖς]
441 4223 531 4280 αὐτοὺς
849 4239 895 4297 25.
918 4219 1143 4305 *κατηγωνίσατο]
1165 4225 1198 4280 δι’
1215 4225 1230 4280 δ
1250 4250 1363 4304 narm-

259 4319 303 4358 12.
326 4303 422 4373 συνέβη
435 4309 502 4360 ante
518 4305 578 4374 μίαν
591 4303 710 4361 collocat
724 4301 764 4361 A.
806 4307 895 4361 νίσατο

256 4379 463 4462 *ἀνατροφῆναι]
479 4385 671 4458 ἀναστραφῆναι
850 4400 895 4460 27.
926 4389 1096 4462 ὑποστρέψαι
1126 4390 1290 4462 ἐπιστρέψειν
1320 4386 1324 4395 ”

257 4481 303 4519 22.
327 4460 746 4544 *ὖποδεχθέντεςήὺποδεχθέισων
852 4485 897 4541 3ο.
922 4465 1098 4539 *ήδη-ἑπτα
1127 4489 1183 4528 om.
1198 4470 1229 4528 in
1243 4468 1353 4528 lacum.
