2954 4936
531 181 701 243 ικικοον
732 183 767 243 2.
797 180 883 262 (18)
1215 179 1278 242 159

125 326 270 425 χρονίζειν
286 328 423 425 ῆδόμενόν
439 361 475 403 τε
492 327 543 402 καὶ
559 332 727 425 μηκόνοντα
747 333 850 415 αὖτοῖς
872 332 906 404 τδ
923 329 1103 430 ἐπίτευγμα·
1128 331 1229 431 Ἦραν
1246 333 1277 406 δὲ

125 446 167 518 τά
198 445 314 519 έναντία
345 449 529 544 βουλομένην
557 452 736 546 ἀναγκάζειν
765 450 854 523 αότδυ
884 451 983 525 δόνειυ.
1025 456 1215 547 Ἀγαθοκλῆς
1245 452 1277 523 δέ

125 574 207 652 φησι
234 568 416 660 συνάγεσθαι
444 565 489 638 ότι
515 569 583 638 καθ’
601 565 739 663 Ὀμηρου
763 567 896 649 ε’νοιντίως
921 576 964 668 τῷ
990 569 1097 668 οὐρανῷ
1118 569 1276 666 φέρεταιὸ

126 678 222 769 ῆλιος,
240 690 279 781 τῆ
296 682 327 755 δέ
345 683 407 783 δίνῃ
423 683 514 756 αὖτοῦ
531 685 720 758 συνέλκεται.
740 682 846 783 Ἥραν
861 686 920 783 γάρ
938 680 1011 758 εἶναι
1029 686 1082 775 τῆν
1098 693 1150 758 τοῦ
1167 684 1276 765 παντδς

125 798 221 889 φύσιν
246 798 280 871 ἔκ
305 808 356 872 τοῦ
383 800 434 890 “ῆ
460 801 491 874 οὗ
516 803 616 902 μέμνῃ
638 799 690 875 ’ότε
716 801 744 875 τ’
772 802 884 901 ἐκρέμω
911 801 1046 890 ὖψόθεν”
1064 807 1119 898 (Π.
1140 826 1190 896 15,
1212 811 1308 894 18),5

126 914 268 988 ἕλκεσθαι
286 916 318 989 δὲ
335 917 445 990 ἀκοντα
461 916 510 990 πδν
527 917 609 1007 ῆλιον
626 917 683 991 ὖπδ
698 928 754 1008 τῆς
771 919 849 1009 δίνης
867 919 922 993 ὖπδ
940 921 997 1002 τάς
1013 921 1145 1014 δυσμάς.

179 1060 250 1125 243.
278 1031 364 1106 *ἀπδ
382 1045 525 1134 κρατερῆς
544 1034 686 1134 ὑσμίνης]
711 1037 739 1110 έν
757 1036 843 1136 ἀλλην
861 1034 918 1110 ε’πὶ
940 1045 1084 1135 θρωσμῷ
1104 1038 1250 1112 πεδίοιο.

178 1176 253 1239 244.
280 1149 391 1222 ’ἔλυσαν
408 1150 460 1243 ὑφ’
475 1147 622 1249 ἀρμασιν]
648 1149 715 1225 ἀντὶ
732 1161 783 1225 τοῦ
802 1153 955 1227 ἀπέλυσαν
968 1165 1023 1227 τῶν
1040 1158 1188 1250 ἀρμάτων.
1215 1163 1275 1236 πῶς

126 1262 173 1338 οὖν
191 1266 243 1338 ου’κ
258 1268 481 1365 ἀναστρέφεται
491 1299 500 1355 ;
527 1267 571 1340 ότι
591 1269 796 1358 συνῆλειππαι.

181 1407 251 1476 245.
280 1380 415 1484 *πάρος]
445 1382 501 1482 πρδ
523 1395 579 1475 τῆς
605 1383 781 1479 ἐπιμελείας
807 1395 859 1460 τοῦ
890 1387 1040 1482 πόματος.
1075 1387 1127 1486 όρα
1152 1384 1199 1461 οῆν
1223 1390 1276 1479 τῆν
1293 1422 1330 1462 10

126 1501 246 1588 έπειξιυ.

180 1629 252 1710 246.
273 1631 468 1719 καταγελῶσι
482 1629 533 1694 τοῦ
551 1623 650 1720 όρθῶυ
668 1619 857 1697 ἑσταότων.
887 1624 987 1721 ῥητέον
1000 1623 1031 1696 δὲ
1044 1622 1088 1695 ότι
1104 1621 1168 1696 ἐπεὶ
1181 1625 1276 1722 ἀρθοῆ-

126 1738 185 1808 ταί
197 1771 245 1819 τις
261 1737 313 1812 καὶ
329 1739 502 1830 καθήμενος,
520 1735 576 1811 οἷον
594 1749 614 1779 “
625 1738 706 1826 έζετο
724 1739 748 1811 δ’
767 1739 920 1838 ἀρθωθείς”
940 1743 992 1834 (Il.
1009 1769 1061 1833 23,
1077 1738 1164 1838 235).

179 1878 253 1946 247.
281 1854 405 1956 τρόμος]
430 1855 593 1945 Ζηνόδοτος
610 1853 739 1945 φόβος,
763 1867 870 1944 κακῶς,
894 1859 1002 1951 ἀγνοῶν
1024 1857 1069 1931 ότι
1090 1856 1190 1952 φόβος
1208 1858 1276 1931 έοπί

126 1973 191 2046 καθ’
200 1972 339 2073 Ὅμηρον
355 1979 374 2065 ῆ
390 1974 473 2070 μετδι
489 1973 570 2054 δέους
588 1974 683 2069 φνγῆ.
718 1973 762 2046 διδ
778 1978 798 2064 ῆ
815 1975 916 2064 διπλῆ.
1007 1989 1008 1993 ’
1293 1993 1328 2053 15

179 2101 251 2182 248.
277 2092 342 2182 ῆτοι
361 2094 522 2163 σνναπτέον
539 2089 593 2172 έως
613 2091 819 2186 ἀλεγεινῆς,
838 2085 884 2162 ἵνα
901 2091 987 2162 αι’τιά
1004 2091 1108 2163 τοότου
1127 2100 1177 2164 τοῦ
1196 2094 1277 2188 σχῆ-

126 2241 226 2302 ματος
243 2209 360 2298 κέηται·
385 2214 497 2290 πάντες
519 2207 578 2304 γάρ
600 2207 794 2294 εὗλαβοῢντο,
819 2207 862 2278 ότι
880 2205 1038 2304 Ἀχιλλεὺς
1063 2207 1159 2297 ε’φάνη
1185 2209 1284 2281 πολδν

126 2326 345 2424 κεχωρισμένος
361 2337 417 2416 τῆς
433 2329 542 2422 μάχης
567 2323 680 2422 χρόνον·
708 2323 726 2413 ῆ
752 2321 799 2397 ἐπὶ
824 2321 858 2395 τδ
885 2324 1038 2416 έξεφάνη
1066 2327 1211 2412 στικτέον,
1231 2321 1277 2398 ίνα

125 2441 161 2515 τδ
178 2445 246 2532 ἑξῆς
263 2445 301 2524 ὦς
320 2441 368 2516 έπί
386 2451 437 2516 τοῦ
454 2450 574 2530 ποιητοῦ
592 2440 819 2535 ε’πιφωυοόμευον
837 2440 977 2536 λέγηται.

178 2585 252 2653 250.
277 2565 330 2659 ἀρᾷ
350 2558 473 2656 πρόσσω
498 2555 549 2631 καί
575 2555 708 2657 α’πίσσω]
737 2560 850 2632 τέλειον
875 2555 1019 2653 έγκόμιον
1044 2567 1097 2631 τοῦ
1122 2555 1274 2655 φρονίμου.
1292 2592 1329 2632 20

126 2678 168 2749 τδι
185 2678 216 2751 δέ
236 2677 353 2750 ε’ναντία
378 2675 427 2751 ἐπὶ
445 2685 497 2750 τοῦ
515 2675 650 2775 ἀφρονος·
677 2675 776 2748 “οὗδέ
796 2708 825 2746 τι
852 2671 914 2748 οἶδε
941 2685 1042 2764 νοῆσαι
1064 2673 1132 2770 ἅμα
1154 2675 1276 2774 πρόσσω

127 2794 179 2868 καί
196 2793 334 2869 ἀπίσσω”
353 2797 448 2887 (11.1,
464 2804 553 2889 343).

178 2942 197 2989 2
199 2939 252 3005 51.
279 2913 310 3012 ίῆ
327 2911 351 2984 δ’
369 2913 398 2986 ἓν
414 2910 496 2985 νυκτὶ
513 2909 644 3012 γένοντο]
667 2923 729 2994 πῶς
746 2913 774 2985 έν
791 2919 849 3009 μιρῖ
867 2909 948 2984 νυκτὶ
970 2910 1120 3007 γενόμενοι
1139 2920 1277 2985 τοσοῦτον

127 3031 268 3118 ἀλλῆλων
285 3031 471 3125 διαφέρουσι,
489 3040 545 3121 τῆς
563 3027 753 3124 συμπαθείας
770 3038 825 3103 τῶν
842 3027 974 3124 οάρανίων
994 3025 1100 3121 ὅμοίως
1119 3028 1191 3128 πρδς
1216 3028 1277 3122 ἀμ-

126 3147 270 3242 φοτέρους
287 3148 418 3246 έχοόσης
428 3180 442 3234 ,·
467 3147 550 3221 έστιν
573 3144 619 3220 οὖν
642 3146 772 3243 διαφορὰ
789 3156 854 3227 τοῖς
870 3148 1057 3242 γεννωμένοις
1075 3146 1126 3220 οὗκ
1150 3147 1178 3219 έν
1195 3144 1275 3220 νυκτί
1293 3172 1331 3235 υ5

125 3261 221 3358 μόνον,
237 3265 322 3337 ἀλλά
338 3263 390 3337 καί
407 3265 487 3337 κατά
505 3265 557 3353 τῆν
574 3273 630 3352 τῆς
642 3261 715 3361 ἷίρας
733 3263 902 3359 ἀκρίβειαν.
931 3263 1133 3360 Ἡράκλειτος
1151 3263 1276 3336 ἐντεῦθεν

125 3381 310 3478 ἀστρολόγον
327 3378 407 3473 φησὶ
424 3381 473 3454 τδν
481 3380 630 3480 Ὅμηρον,
649 3380 700 3454 καὶ
726 3382 754 3456 έν
780 3378 824 3463 οἷς
848 3380 928 3474 φησὶ
951 3391 970 3420 “
981 3392 1086 3478 μοῖραν
1110 3381 1135 3454 δ’
1154 3381 1187 3454 οἷί
1209 3384 1277 3453 τιυά

126 3513 209 3594 φημι
236 3501 427 3597 πεφυγμένον
444 3499 570 3592 έμμεναι
596 3499 709 3596 ἀνδρῶν,
735 3498 767 3581 οὗ
792 3496 882 3572 κακόν
905 3499 970 3573 οόδέ
995 3501 1050 3594 μέν
1074 3497 1188 3584 ἔσθλδν,
1206 3500 1278 3588 έπῆυ

126 3618 167 3687 τὰ
184 3625 286 3715 πρῶτα
302 3616 446 3714 γένηται”
467 3617 523 3714 (ΙΙ.
543 3625 573 3702 6,
590 3614 685 3714 488).

177 3731 318 3829 ἔγκειταί
330 3768 361 3807 τι
379 3732 550 3824 θαυμαστόν
566 3741 609 3832 τῷ
626 3731 718 3831 λόγῳ.
754 3733 911 3822 συνῆλικες
933 3731 1014 3814 όντες
1031 3729 1082 3807 καὶ
1101 3733 1173 3822 ὅμοῦ
1189 3730 1277 3825 γενό-
1291 3763 1331 3820 30

251 3850 259 3876 9
299 3851 310 3878 λ
363 3850 406 3878 ’Χ
435 3851 444 3877 5
560 3850 569 3876 Ι
690 3852 698 3878 ²
743 3850 783 3878 Η
829 3851 840 3877 λ
964 3848 974 3875 λ
1028 3852 1037 3876 t
1072 3849 1083 3876 λ
1243 3845 1254 3873 Ι

127 3881 209 3944 μευοι
228 3884 317 3924 οντα
335 3883 414 3923 αυτα
431 3852 661 3940 επιτηδευουσιν,
679 3866 744 3923 αλλ
770 3883 784 3923 ο
800 3883 856 3945 μευ
874 3883 1005 3938 συνετος,
1023 3881 1036 3922 ο
1054 3849 1085 3922 δε
1103 3862 1276 3942 πολεμικος.

129 3966 208 4040 οὐδὲν
225 3966 283 4064 ἀρα
299 3970 453 4066 χρῆσιμος
470 3972 485 4042 ὅ
501 3967 605 4068 χρόνος
621 3978 685 4050 τοῖς
701 3967 815 4062 ἀφυέσι
833 3965 905 4064 πρδς
922 3966 962 4041 τδι
978 3968 1130 4065 χρήσιμα.

172 4233 196 4273 1.
230 4215 352 4287 ἡδόμενον
367 4247 406 4259 -
419 4217 566 4288 ἀναγκάζειν
592 4209 680 4294 αὐτὸν]
764 4234 791 4289 9.
814 4213 979 4285 συνῆλειπτοι
1006 4203 1170 4291 Bekkerus]
1191 4213 1275 4268 συνεί-

126 4293 208 4354 Ηαοο
221 4294 267 4354 bis
289 4295 397 4374 scripta
410 4296 441 4354 in
455 4293 495 4369 A,
510 4296 572 4354 loeo
586 4295 682 4374 priore
722 4301 817 4367 ληπτοι

129 4380 208 4436 αὐτὸν
220 4383 289 4438 ante
302 4380 448 4453 ἀναγκάζειν
461 4377 604 4438 collocato.
765 4378 810 4435 16.
831 4371 884 4457 ἵνα]
898 4375 938 4433 ἵνα
948 4377 979 4431 τὸ
992 4375 1054 4431 ὅλου
1067 4378 1101 4434 ὧι·
1113 4372 1223 4434 Friodl.

167 4455 209 4540 τε]
225 4461 253 4516 δὲ
766 4472 813 4536 27.
834 4461 876 4515 καὶ
889 4455 1003 4518 addidit
1016 4455 1124 4516 Friedl.
