2954 4936
149 214 215 278 870

219 371 270 436 26.
295 370 350 452 οὐχ
388 369 476 451 ὁράας
514 371 576 434 οἷον
615 375 753 436 Δόλοπος

327 475 392 554 περὶ
415 473 506 556 τεύχε’

155 577 206 654 84.
240 597 271 654 4.
295 577 325 642 ὅς
345 603 377 641 τε
394 579 465 641 κύνα
481 575 625 656 κτείναςή
646 578 754 657 βουκό-

326 688 382 744 λον
397 681 473 762 ἀμφὶ
489 683 600 754 βόεσσι

156 783 312 865 851517
346 784 380 847 δέ
409 809 441 847 τε
467 789 549 848 πᾶσα
579 785 654 866 ἄχνη
684 784 755 846 ὑπε-

329 887 442 968 κρύφθη

224 990 273 1052 18.
297 989 372 1072 ἄχνη
392 992 572 1072 ὑπεκρύφθη,
589 991 705 1069 ἀνέμοιο
725 992 756 1052 δέ

329 1092 390 1158 δειύ
406 1091 443 1174 αῆ

223 1213 274 1261 21.
297 1197 372 1263 ὑπὲκ
388 1197 526 1262 θανάτοιο
542 1196 682 1279 φέρονται

223 1314 275 1380 27.
298 1299 396 1368 ἕλικος
411 1299 486 1380 βοός
501 1301 577 1382 ἀμφὶ
592 1299 703 1387 φονῇσι

224 1422 275 1488 30.
298 1401 364 1480 ἤτοι
398 1407 414 1466 ὁ
449 1405 505 1484 μέν
542 1405 674 1484 πρώτῃσι
712 1401 758 1464 καὶ

331 1509 486 1594 ὑστατίῃσι

161 1609 211 1672 86.
250 1630 277 1673 1.
302 1614 436 1691 Κοπρῆος
451 1611 543 1692 φίλον
556 1611 621 1673 υἱόν

247 1733 277 1795 9.
301 1712 456 1793 στρεφθεὶς
468 1716 524 1793 γὰρ
535 1715 714 1792 μετόπισθεν
727 1711 760 1772 ε’ν

334 1817 457 1882 ἀσπίδος
472 1816 573 1895 ἄντυγι
588 1813 684 1876 πάλτο

228 1937 278 1984 12.
303 1916 398 1994 κτεῖν’,
416 1921 443 1981 οἱ
458 1916 484 1979 δ’
496 1918 547 1980 οὐκ
564 1918 702 1981 ἐδύναντο

229 2035 279 2102 17.
302 2018 418 2084 λίσσεθ’
431 2023 504 2102 ὑπὲρ
518 2019 629 2083 τοκέων

164 2125 281 2206 87.12.
306 2122 451 2202 κολλητὸν
464 2122 624 2204 βλήτροισι
640 2123 695 2185 δύω
716 2121 762 2184 καὶ

337 2229 510 2309 εἰκοσίπηχυ

229 2351 281 2417 32.
305 2328 423 2394 ἄντεσθ’
436 2331 469 2393 έν
483 2330 603 2413 πολέμῳ

166 2436 216 2520 89.
232 2453 281 2500 12.
305 2436 402 2496 οἴσετε
418 2438 474 2514 πῦρ

233 2558 282 2617 14.
307 2543 359 2601 νῦν
377 2537 447 2616 ἡμῖν
466 2535 603 2600 πάντωνε
626 2537 680 2599 νῦν
700 2533 765 2596 ἀντὶ

232 2656 282 2722 17.
306 2646 358 2704 νῦν
369 2639 455 2705 αὐτὸς
467 2639 618 2720 ἐποτρύνει
632 2636 678 2700 καὶ
689 2636 765 2699 άνώ-

338 2768 385 2825 γει

232 2867 284 2933 32.
309 2845 367 2911 ἔνθ’
380 2845 423 2925 ἄρ’
437 2844 482 2927 ὅγ’
500 2842 627 2922 εἱστήκει

168 2972 219 3036 90.
257 2972 285 3015 1.
308 2950 344 3030 ἠέ
359 2973 439 3015 τινας
454 2947 553 3030 φαμὲν
568 2947 643 3011 εἶναι

255 3074 285 3138 9.
308 3059 348 3138 τῷ
364 3054 398 3115 ἐν
412 3051 499 3134 χερσὶ
514 3052 597 3132 φόως

191 3228 194 3237 Ι
237 3158 286 3220 16.
310 3156 344 3218 οὐ
358 3155 490 3235 μειλιχίῃ

391 3341 549 3423 stom

237 3492 288 3561 25.
312 3481 351 3546 ὡς
365 3481 394 3542 οἱ
408 3476 464 3557 μέν
478 3477 545 3558 περὶ
561 3476 629 3556 νηὸς
644 3475 770 3538 ἐϋσσέλ-

342 3608 409 3663 μοιο

173 3705 223 3769 91.
240 3707 288 3751 11.
313 3687 397 3764 ζώειν
411 3685 470 3763 μὰν
489 3685 532 3747 έτι
547 3685 627 3765 φασί

238 3804 289 3870 27.
312 3789 462 3870 βέβληται
477 3789 532 3866 μέν
548 3789 563 3849 ὁ
578 3787 720 3864 Τυδείδης

173 3909 224 3970 92.
262 3913 290 3957 1.
313 3893 380 3958 τοὺς
394 3893 450 3971 μέν
465 3888 491 3953 τ’
504 3891 598 3971 ἰητροί

259 4017 289 4080 3.
314 3994 401 4072 ἕλκε’,
415 3994 591 4073 ἆκειάμενοι,
609 3992 647 4055 σὺ
661 3995 685 4054 δ’
699 3990 772 4070 ἀμή-

344 4125 434 4184 χανος

260 4213 290 4279 5.
313 4203 353 4283 μὴ
366 4200 455 4284 ἔμεγ’
471 4199 523 4263 ούν
536 4199 618 4263 οὗτός
637 4224 670 4280 γε
682 4199 772 4281 χόλος

262 4303 292 4369 6.
318 4304 452 4387 αἰναρέτη
468 4303 513 4368 τίς
532 4327 585 4365 σευ
601 4302 693 4366 ἄλλος

242 4420 291 4470 12.
316 4410 381 4474 οὐδὲ
398 4408 486 4472 Θέτις
500 4403 594 4485 μήτηρ
608 4404 722 4486 γλαυκή

241 4506 293 4571 16,
318 4515 343 4576 εί
358 4514 391 4577 δέ
404 4535 468 4574 τινα
484 4508 574 4590 φρεσὶ
590 4511 662 4594 σῇσι

598 217 957 300 ωωωπχω)

894 391 945 456 30.
970 373 1003 434 αί
1016 369 1049 432 κέ
1062 395 1099 448 με
1115 371 1164 433 σοὶ
1178 371 1314 434 ἴσκοντες

828 495 879 559 93.
915 495 945 559 3.
967 477 1099 538 ἴσκοντες
1114 473 1307 555 ἀπόσχωνται

894 597 944 644 22.
968 578 1007 645 ὣς
1021 577 1099 660 φάτο
1114 579 1297 656 λισσόμενος

895 696 945 761 27.
970 682 1018 744 καὶ
1034 684 1107 762 κῆρα
1120 679 1259 742 λιτέσθαι

829 804 879 867 94.
895 802 945 868 23.
970 785 1084 864 κούρην,
1099 782 1135 862 ἣν
1149 783 1206 863 ἄρα
1219 807 1271 861 μοι
1286 780 1378 862 γέρας

896 903 946 967 25.
970 887 1050 966 δουρὶ
1069 885 1094 950 δ’
1105 885 1165 970 ἐμῷ
1182 883 1345 948 κτεάτισσα

830 1004 881 1074 95.
896 1009 946 1056 20.
970 991 1042 1072 ἄρχε
1058 992 1089 1052 δὲ
1106 990 1334 1070 Μυρμιδόνεσσι

897 1111 948 1158 22.
973 1095 998 1155 εί
1009 1092 1043 1171 δή
1056 1093 1179 1157 κυάνεον
1190 1092 1304 1172 Τρώων
1320 1089 1411 1171 νέφος
1448 1104 1452 1114 “

1002 1195 1192 1276 ἀμφιβέβηκε

832 1301 883 1383 96.
899 1319 948 1378 14.
972 1298 1076 1378 έμπεσ’
1092 1297 1271 1378 ἐπικρατέως

832 1418 883 1487 97.
900 1422 949 1468 12.
973 1404 1053 1465 άλλδ
1067 1400 1159 1465 πόλιν
1173 1400 1362 1482 τροπάασθαι

899 1507 950 1572 26.
974 1504 1074 1585 πήληξ
1085 1505 1263 1585 βαλλομένη

833 1610 884 1691 98.
899 1628 949 1676 22.
974 1612 1064 1673 κόλον
1078 1611 1148 1688 δόρυ

899 1713 950 1779 28.
974 1713 1023 1791 νηῒ
1036 1713 1089 1798 θοῇ

898 1830 950 1901 35.
974 1815 1110 1895 ἀσβέστη
1126 1817 1232 1898 κέχυτο
1249 1817 1335 1898 φλόξ

835 1940 886 2003 99.
923 1935 951 2000 7.
974 1919 1014 1999 μή
1033 1919 1067 1999 δή
1082 1923 1152 1998 νῆας
1168 1920 1263 1983 ἕλωσι
1323 1940 1327 1944 ·

903 2042 951 2085 11.
974 2022 1015 2101 μή
1026 2022 1061 2102 δὴ
1072 2027 1143 2102 νῆας
1155 2023 1248 2086 έλωσι
1259 2024 1308 2087 καὶ
1320 2023 1416 2088 ούκέτι

1008 2127 1105 2208 φυκτὰ
1119 2127 1269 2191 πέλωνται

817 2249 888 2294 100.
925 2244 954 2310 7.
977 2229 1113 2307 πάλλειν,
1127 2229 1208 2293 ὀλλά
1218 2256 1270 2309 μιν
1281 2229 1343 2297 οἶος
1355 2233 1416 2295 ἐπί-

1010 2359 1100 2396 στατο
1116 2338 1209 2413 πῆλαι

904 2449 954 2517 15.
979 2437 1096 2502 Ξάνθον
1112 2438 1159 2500 καὶ
1174 2437 1289 2502 Βαλίον

904 2558 955 2606 20.
979 2540 1046 2605 τοὺς
1060 2539 1142 2603 έτεκε
1160 2543 1288 2626 Ζεφύρῳ

905 2643 956 2708 26.
978 2642 1230 2724 λάμφοντες(ςίο)
1240 2645 1418 2732 γλώσσῃσιν

821 2767 891 2810 101.
925 2767 956 2825 4.
980 2747 1070 2827 άκρον
1085 2748 1271 2828 ἐρευγόμενοι
1426 2741 1430 2748 ’

929 2864 957 2930 7.
981 2848 1122 2928 στήθεσιν
1137 2851 1264 2932 ἄτρομός
1283 2853 1348 2916 έστι

909 2971 958 3018 12.
980 2957 1033 3031 τῆς
1047 2955 1103 3032 μὲν
1119 2955 1163 3031 ἰῆς
1178 2955 1284 3036 στιχός

909 3056 958 3119 16.
983 3061 1158 3138 Σπερχειοῖο
1173 3056 1318 3124 διιπετέος

822 3179 893 3226 102.
910 3161 959 3223 16.
983 3159 1086 3222 αὐτίκα
1101 3158 1127 3221 δ’
1139 3162 1178 3223 είς
1190 3162 1298 3246 ὑπερῷ’
1307 3160 1419 3241 ἀναβάς

906 3282 959 3347 32.
983 3261 1069 3327 πάνθ’
1081 3261 1138 3326 ὑπὸ
1152 3266 1299 3343 μηνιθμόν

824 3388 894 3453 103.
910 3386 960 3444 14.
982 3369 1101 3445 μᾶλλον
1115 3368 1147 3429 δέ
1162 3367 1266 3450 στίχες
1280 3368 1367 3449 ἄρθεν

911 3489 960 3553 19.
985 3473 1085 3548 καλῆς,
1102 3471 1258 3549 δαιδαλέης

910 3585 960 3653 25.
985 3574 1083 3636 οὔλων
1097 3598 1129 3637 τε
1147 3571 1286 3651 ταπήτων

825 3697 896 3756 104.
911 3695 960 3741 20.
986 3677 1133 3755 Δωδώνης
1147 3674 1260 3755 μεδέων

826 3793 896 3860 105.
931 3793 961 3860 5.
985 3779 1059 3858 ἠμέν
1074 3777 1109 3857 δή
1124 3777 1190 3842 ποτ’
1201 3781 1272 3858 έμόυ

912 3903 962 3961 14.
986 3885 1097 3945 εἵσεται
1111 3885 1168 3962 ἦρα
1183 3883 1231 3945 καὶ
1247 3882 1309 3950 οἶος

827 3989 897 4050 106.
914 4005 962 4064 14.
987 3986 1147 4064 ἐλπόμενοι
1161 3987 1241 4066 παρὰ
1255 3993 1348 4068 ναῦφι

912 4091 963 4156 26.
988 4089 1147 4169 οὐρανόθεν
1166 4087 1192 4150 δ’
1211 4088 1255 4171 ἄρ’
1277 4090 1423 4172 ὑπερράγη

1019 4192 1146 4258 ἄσπετος
1161 4191 1248 4272 αἰθήρ

829 4312 899 4378 107.
935 4315 965 4361 2.
989 4293 1079 4359 αὐτίκ’
1096 4296 1153 4377 άρα
1168 4297 1369 4378 στρεφθέντος

912 4419 964 4466 22.
986 4398 1138 4479 ἤμβροτον
1153 4397 1308 4479 ἀλλήλων,
1321 4400 1428 4479 μέλεον

1021 4499 1046 4564 δ’
1058 4497 1130 4581 ἠκού
