2954 4936
218 219 280 281 ιον
608 220 779 281 ιλιΑΔοΣ
810 222 849 280 τι.
885 217 967 302 (16)

219 372 377 465 abquwm
399 370 466 443 κατ’
491 371 660 460 ἐπιπλοκὴν,
684 371 750 462 ἦτοι
776 372 948 469 ἐβαρύνοντο
966 369 984 461 ἢ
1001 381 1210 466 περιεσπιῖντο,
1229 371 1367 445 ούδέτοτε

217 490 248 562 δέ
272 490 415 575 ὧξύνουτο,
433 486 533 587 ὥσπερ
551 489 616 584 ἐχει
635 493 654 579 ἡ
672 489 781 581 τέμνονν
799 493 915 585 κάμνον
931 487 1044 576 πίτνον,
1064 487 1220 583 ἐδοκίμαζε
1241 487 1294 560 καῖ
1314 489 1368 576 τὴν

216 607 330 696 πέφνον
344 606 489 702 βαρύνειν,
508 603 576 700 ούχῖ
590 604 704 690 θξύνειν.
732 607 759 679 ει’
776 607 807 677 δέ
823 640 872 688 τις
886 607 971 701 λε’γοι
986 606 1035 677 διδ
1050 603 1085 677 τί
1094 608 1154 703 γάρ
1171 604 1203 678 ού
1221 613 1366 702 περισπᾷ,
1382 634 1384 639 ’

217 723 430 818 διδαχθήσεται
457 721 488 794 ἐκ
518 732 572 810 τῆς
597 719 736 802 κλίσεως·
773 722 804 795 ού
829 723 889 820 γάρ
911 730 1078 812 πεφυοῖιντα
1104 725 1223 816 ἐροῖιμευ
1244 719 1264 802 ’ῖν
1286 732 1366 808 πεφ-

216 849 306 912 νῶντα
323 841 361 918 οῖς
379 847 505 912 νὀοῖιντα.
541 835 630 918 ούτονς
649 839 680 910 δέ
697 837 749 910 καῖ
766 843 785 930 ἡ
804 837 874 920 ῖσας
892 840 1013 936 μετοχὴ
1031 837 1191 938 ἐβαρύνετο
1210 830 1254 937 τῷ·
1268 856 1398 934 χαρα5

215 967 299 1053 κτῆρι
318 954 369 1028 καῖ
388 966 427 1059 τῇ
444 957 579 1045 ποιθτητι
597 964 649 1028 τοῖν
668 957 829 1053 στοιχείου,
847 957 878 1030 ού
895 965 935 1057 τῇ
952 955 1052 1029 κλίσει
1070 965 1108 1057 τῇ
1126 965 1178 1028 τοῖν
1196 955 1366 1040 ἐνεστῶτος,

215 1071 314 1167 ι’ύσπερ
332 1073 541 1165 ἀπεδείξαμεν.
596 1116 597 1121 1

265 1199 337 1264 828.
366 1189 438 1264 *θ’τι
457 1187 541 1272 οὗτος
556 1191 611 1284 μὲν
629 1188 763 1277 ούτασεν,
782 1195 797 1263 o‘
815 1191 845 1264 δέ
863 1190 1030 1287 Εύφορβος
1048 1189 1218 1278 βέβληκεν.

266 1318 338 1399 842.
367 1307 485 1390 *ούτιυς
502 1309 619 1403 διδιτοῦ
633 1308 662 1396 ἒ,
682 1341 722 1380 σε
739 1309 914 1405 προσέφη.

266 1435 338 1518 847.
365 1435 489 1498 τοιοῦτοι
508 1425 531 1497 δ’
551 1424 646 1525 εῖπερ]
670 1425 868 1520 ἀξιομίμητον
886 1424 920 1497 τδ
940 1423 1018 1515 ἦθος·
1053 1424 1085 1496 ού
1106 1424 1165 1520 γάρ
1184 1423 1366 1517 κατεπλάγη
1384 1451 1419 1491 10

214 1540 263 1615 τῖν
280 1547 409 1629 θάνατον,
428 1545 459 1614 ού
482 1541 515 1614 rb
534 1545 629 1627 βάθος
646 1552 701 1615 τῶν
717 1541 893 1639 ἀλγηδάνον,
912 1543 944 1615 ού
969 1542 1021 1631 τὴν
1039 1536 1162 1637 ἐρημίαν
1179 1549 1232 1613 τοῦ
1256 1541 1367 1628 βοηθή-

216 1693 328 1746 σοντος,
354 1658 424 1731 ἀλλ’
449 1658 493 1731 ἐτι
520 1657 634 1749 μεστάς
661 1660 728 1733 ἐστι
754 1663 956 1764 φρυάγματος
981 1655 1033 1730 καῖ
1059 1656 1177 1755 ἐρεθίζει
1201 1669 1323 1754 μᾶλλον
1346 1655 1365 1746 ἢ

216 1777 350 1862 ἱκετεύει,
368 1772 602 1870 ἀντιποιούμενος
619 1785 674 1865 τῆς
691 1777 772 1863 νίκης
789 1774 841 1848 καῖ
857 1786 1011 1850 τελευτῶν.

266 1902 284 1964 8
285 1915 337 1986 50.
364 1903 424 1972 πῶς
442 1893 598 1991 τέσσαρας
618 1893 857 1992 καταριθμήσας,
876 1901 994 1988 Μοῖραν
1010 1890 1186 1969 Ἀπύλλονα
1204 1889 1367 1989 Εύφορβον

205 2007 357 2109 Ἕκτορα,
376 2008 509 2105 ἐπιφέρει
532 2008 574 2081 σδ
597 2010 633 2081 δέ
652 2042 697 2102 με
720 2009 840 2108 τρίτος
864 2009 1079 2107 ἐξεναρίζεις
1092 2041 1104 2092 ;
1130 2007 1198 2081 ἐστι
1216 2009 1248 2081 δέ
1266 2009 1367 2103 λέγειν
1383 2035 1418 2096 15

215 2126 260 2199 άτι
286 2127 339 2214 τὴν
356 2134 473 2222 Μοῖραν
491 2124 761 2223 ούκατηρίθμησεν
778 2127 815 2205 ὦς
840 2127 932 2214 κοινὴν
956 2138 1048 2198 πᾶσιν
1072 2123 1227 2221 ἀνθρύποις
1254 2127 1366 2198 ἐπικει-

214 2242 312 2337 μένην.
343 2242 409 2315 ἐνιοι
437 2243 468 2316 δὲ
494 2240 527 2315 τδ
554 2245 621 2332 ἐξῆι
647 2241 738 2323 ούτος
763 2241 962 2315 ἀποδιδόασιν·
993 2243 1079 2315 ἀλλά
1106 2274 1146 2334 με
1165 2250 1268 2337 Μοῖρα
1295 2243 1366 2330 σ’λοῖ]

216 2356 267 2432 καῖ
293 2368 412 2446 Λητοῦς
439 2359 558 2432 ἐκτανεν
584 2357 656 2448 υἷδς,
682 2360 787 2457 ἀνδρῶν
813 2358 838 2430 δ’
864 2357 1031 2455 Εύφορβος
1056 2357 1166 2457 τρίτος·
1202 2357 1241 2430 σδ
1268 2359 1300 2430 δέ
1324 2393 1365 2453 με

216 2475 396 2573 ἐξεναρίζεις.
429 2475 448 2565 ἢ
466 2476 504 2548 σύ
522 2476 554 2549 δέ
570 2509 611 2569 με
628 2473 769 2570 τρίτατος
786 2474 973 2573 ἐξεναρίζεις,
992 2471 1024 2548 ῖν’
1042 2469 1062 2575 ᾗ
1079 2473 1258 2556 πολλοστάς.

265 2592 410 2708 ἀνδρῶνδ’
432 2591 605 2692 Εὔφορβος]
629 2597 647 2681 ἡ
668 2594 759 2681 διπλῆ
777 2591 848 2690 πρδς
866 2591 900 2664 ro*
919 2594 1098 2684 ζητούμενον·
1131 2593 1288 2690 τέσσαρας
1304 2591 1364 2692 γάρ
1381 2617 1418 2656 20

215 2714 356 2807 προειπὼν
381 2709 514 2807 ἐπιφέρει
543 2710 584 2781 σὺ
611 2709 649 2784 δέ
671 2742 715 2803 με
742 2711 874 2809 τρίτος.
909 2711 960 2798 τὴν
978 2710 1009 2781 δὲ
1026 2713 1120 2798 κοινὴν
1136 2722 1214 2783 τοῖσι
1234 2743 1368 2807 παρεπο·

215 2828 306 2921 με’νην
322 2833 439 2921 Μοῖραν
456 2825 509 2898 ούκ
525 2827 654 2924 ἀριθμεῖ,
667 2827 776 2905 αύτούς
790 2827 820 2898 δέ
839 2825 907 2907 ταῖς
925 2825 1135 2923 ἐπενεγκύντας
1151 2828 1233 2928 αύτῷ
1246 2837 1364 2928 χεῖρας.

266 2955 339 3040 854.
367 2944 531 3045 *δαμέντ’]
548 2946 581 3018 ἐκ
596 2947 725 3040 πλήρους
743 2944 777 3017 τδ
796 2945 928 3040 δαμέντα
941 2942 1158 3045 Ἀρίσταρχος.

264 3062 347 3136 πάθεν
377 3066 391 3135 o‘
422 3064 601 3159 Πάτροκλος
631 3057 710 3135 οἶδεν
739 3062 784 3135 ’ὅτι
816 3060 985 3157 Ἀχιλλεύς
1014 3072 1115 3135 κτενεῖ
1138 3060 1187 3135 τδν
1211 3059 1364 3161 Ἕκτορα,

214 3177 313 3274 ι’ύσπερ
330 3178 497 3276 Ἀχιλλεὺς
523 3180 654 3261 ἀκούσας
680 3180 761 3279 παρὰ
779 3179 927 3263 Θέτιδος;
950 3180 998 3251 “ou
1025 3177 1091 3251 κατ’
1116 3177 1290 3275 Ἀρτέμονα
1315 3179 1364 3255 τδν
1379 3196 1415 3259 ²5

215 3295 369 3382 Μιλήσιον
395 3296 422 3368 ἐν
448 3305 489 3396 τῷ
513 3294 579 3396 περῖ
604 3294 723 3393 σ’νείρον,
742 3293 815 3369 ’θταν
840 3297 976 3396 ἀθροισθῇ
1002 3299 1021 3384 ἡ
1046 3298 1132 3390 ψυχὴ
1158 3297 1189 3380 ἐξ
1213 3293 1287 3369 ’θλου
1312 3307 1363 3370 ποῖ

216 3409 357 3499 σύματος
378 3410 450 3511 πρδς
467 3411 500 3485 τδ
518 3413 689 3510 ἐκκριθῆναι,
707 3415 919 3508 μαντικωτάτη
943 3408 1072 3506 γίνεται.
1106 3412 1158 3484 καῖ
1176 3417 1312 3486 Πλάτων
1334 3413 1364 3487 ἐν

214 3528 363 3626 ἀπολογίᾳ
384 3533 558 3629 Σωκράτους
576 3537 621 3624 (p.
637 3560 677 3625 39
689 3536 721 3627 c)
740 3531 821 3602 “καῖ
841 3533 901 3628 γάρ
915 3530 977 3622 εἶμι
997 3531 1120 3603 ἐνταῦθα
1138 3530 1166 3603 ἐν
1184 3525 1364 3630 ρδμάλιστα

213 3645 351 3742 ἀνθρωποι
367 3648 609 3746 χρησμῳδοῖσιν,
625 3645 698 3720 ’ὅταν
714 3648 868 3741 με’λλοισιν
884 3647 1124 3722 ἀποθανεῖσθαι.”

266 3771 338 3855 856.
365 3764 451 3858 ψυχὴ
469 3763 493 3835 δ’
512 3765 544 3836 ἐκ
560 3763 673 3863 ρἐθέινν]
695 3760 742 3837 ἐτι
764 3768 864 3836 πάντα
880 3764 919 3835 τῖι
936 3764 1018 3859 μέλη
1035 3762 1252 3864 ρ’ἐθηὍμηρος
1268 3799 1363 3864 προσ·
1378 3785 1414 3845 30

213 3880 359 3976 αγορεύει.
389 3881 418 3952 οῖ
434 3881 463 3952 δὲ
481 3881 602 3960 Αἰολεῖς
619 3879 704 3975 μάνου
721 3879 754 3953 τδ
774 3878 937 3976 πράσιοπον.

264 4004 337 4088 858.
366 3996 443 4069 *διδι
460 4006 511 4070 τοῦ
527 4009 549 4087 ἦ
565 3994 598 4069 τδ
617 4006 798 4087 τεθνηῶτα
815 3999 1029 4096 Ἀρίσταρχος.

263 4115 456 4207 Παράκειται
483 4115 522 4186 τδι
548 4112 751 4212 Ἀριστονίκου
778 4126 892 4211 σημεῖα
918 4115 968 4189 καῖ
995 4116 1035 4189 τδι
1053 4117 1189 4213 Διδύμου
1213 4116 1281 4218 περῖ
1307 4130 1362 4211 τῆς

212 4228 444 4328 Ἀρισταρχείου
470 4230 654 4330 διορθύσεως,
675 4233 741 4305 τινδι
766 4234 797 4306 δὲ
822 4232 873 4306 καῖ
899 4234 933 4306 ἐκ
957 4216 1012 4326 τῆς
1032 4233 1168 4324 Ἰλιακῖρς
1192 4226 1362 4336 προσῳδίας

211 4347 388 4439 Ἡρωδιανοῖ
406 4348 455 4420 καῖ
474 4350 507 4422 ἐκ
525 4359 580 4422 τῶν
597 4352 757 4446 Νικάνορος
775 4349 842 4450 περῖ
861 4361 1003 4448 στιγμῆς.
1375 4387 1411 4450 35

253 4504 279 4563 5.
302 4490 389 4561 ἡῖσατ
402 4496 496 4567 μετοχὴ
511 4490 662 4575 Lehrsius]
678 4496 692 4565 ἡ
707 4498 825 4569 ῐμετοχὴ
919 4501 963 4555 28.
987 4493 1151 4578 *ἀπολογίᾳ]
1167 4499 1321 4575 ἀπολογίαις
