2954 4936
76 224 82 234 ¹
131 215 197 279 808
540 223 711 283 ικιΑΔοΣ
742 223 779 282 Α.
810 220 872 302 (1)

175 369 235 434 οὔδ’
251 370 419 460 ἀπατηλόν]
445 373 512 437 οῦδέ
527 375 708 454 ἀπατητικόν

174 490 249 558 527.
272 473 483 564 ἀτελεύτητον]
508 478 684 559 ἀπλήρωτοι

174 578 249 662 528.
273 574 308 666 ἦ]
332 579 415 643 εἶπεν
546 577 715 668 κυανέῃσιν]
738 580 893 661 μελαίναις
982 615 989 629 =

173 698 250 766 529.
273 679 388 770 χαῖται]
412 683 511 764 τρίχες
641 676 862 768 ἐπερρώσαντο]
888 679 1111 756 ἐπεσείσθησαν

173 801 249 868 530.
272 781 422 872 ἐλέλιξεν]
447 787 592 865 ἐκίνησεν,
609 786 730 851 ἔσεισεν

173 905 249 972 531.
273 884 443 976 διέτμαγεν]
468 890 704 972 διεχωρίσθησαν
1050 969 1060 974 -

174 1007 250 1074 533.
275 991 327 1054 ἔδυ
341 988 430 1080 πρὸς]
454 991 525 1072 πρὸς
541 991 574 1054 τὸ
589 995 666 1055 ἴδιον
794 1008 870 1076 534.
893 984 990 1076 σφοῦ]
1013 992 1067 1051 τοῦ
1083 986 1158 1051 ἰδίου

173 1109 248 1180 537.
272 1094 317 1157 ὅτι
332 1091 376 1182 οἱ]
401 1096 446 1158 ὅτι
461 1094 540 1179 αὐτῷ

175 1198 249 1282 538.
273 1195 470 1284 ἀργυρόπεζα]
494 1200 697 1278 λαμπρόπους·
719 1197 795 1274 πέζα
808 1201 867 1281 γδρ
881 1199 898 1260 δ
913 1197 985 1263 πούς
1001 1197 1086 1278 (ποῦς
1101 1195 1142 1276 Α)

106 1335 109 1342 ·
174 1316 248 1387 539.
272 1297 468 1388 κερτομίοισι]
494 1304 548 1364 νῦν
561 1306 703 1382 λυπηροῖς
1304 1313 1336 1354 ¹0

174 1422 249 1486 542.
274 1399 447 1490 κρυπτάδια]
465 1405 503 1471 ῶς
521 1403 658 1486 διχθάδια
788 1396 972 1488 φρονέοντα]
990 1397 1202 1477 διανοούμενον

175 1527 250 1593 543.
273 1510 416 1590 πρόφρων
435 1503 588 1594 τέτληκας]
613 1505 698 1571 οὐδέν
717 1533 769 1587 μοι
792 1507 868 1570 ἐκδυ
889 1505 998 1586 λέγεις,
1018 1503 1069 1566 ἐὰν
1087 1499 1129 1580 μή
1148 1496 1199 1562 ὑπ’
1216 1498 1289 1576 ἐμοῦ

133 1611 324 1697 ἀναγκασθῇς
689 1593 697 1606 ἐ

175 1713 251 1798 546.
275 1712 421 1803 εἰδήσειν]
445 1715 642 1794 μαθήσεσθαι,
657 1721 768 1797 γνῶναι

105 1845 108 1850 ’
176 1830 249 1898 547.
272 1815 412 1905 ε’πιεικές]
437 1819 548 1898 πρέπον
658 1818 733 1903 548.
757 1809 1162 1904 εἵσεται]7216261118μᾶίίοι
1304 1835 1333 1893 15

176 1933 251 2003 550.
275 1916 395 2009 διείρεο]
421 1923 551 2002 ἀνερώτα
670 1916 822 2007 μετάλλα]
847 1917 1088 1999 πολυπραγμόνει

176 2041 195 2105 5
198 2038 251 2106 52.
275 2020 430 2112 αἰνότατε]
451 2025 610 2100 δεινότατε,
626 2025 756 2103 ἐπίφοβε

178 2141 252 2211 553.
277 2128 324 2190 καὶ
340 2130 409 2205 λίην
424 2154 461 2192 σε
476 2124 583 2215 πόρος]
604 2129 652 2191 καὶ
669 2128 747 2191 πάνυ
766 2152 802 2190 σε
817 2127 850 2189 ἐν
864 2127 904 2208 τῷ
920 2123 1090 2204 ἔμπροσθεν
1104 2119 1207 2204 χρόνῳ

176 2245 249 2313 554.
274 2227 411 2318 εὔκηλος]
435 2232 547 2312 ἥσυχος
676 2225 816 2316 φράζεαι]
841 2229 964 2303 διενόσυ,
982 2225 1148 2304 ἐβουλεύον

176 2351 250 2417 555.
273 2330 373 2421 αἰνῶς]
398 2339 498 2400 δεινῶς
628 2332 703 2420 558.
727 2327 884 2419 ἐτήτυμον]
909 2327 1017 2409 ἀληθές
1303 2351 1335 2393 ιο

177 2436 254 2519 561.
280 2433 431 2524 δαιμονίη]
456 2442 510 2500 νῦν
522 2437 603 2515 κακή,
620 2438 723 2518 φαύλη

177 2540 236 2602 αἰεὶ
250 2541 307 2617 μὲν
322 2537 414 2627 ὀΐεαι]
440 2543 487 2603 διδ
502 2540 610 2607 παντὸς
623 2542 679 2620 μέν
693 2541 828 2604 ὑπονοεῖς

176 2643 252 2725 569.
276 2640 510 2731 ἐπιγνάμψασα]
535 2640 689 2724 πραὺνασα

176 2759 252 2828 570.
275 2742 425 2832 ὄχθησαν]
448 2745 610 2824 ἐστέναξαν
626 2749 674 2809 διὰ
688 2742 853 2826 τήνἭραν

177 2865 253 2933 573.
275 2845 360 2936 ήδη]
385 2849 476 2914 ὅντως
492 2847 527 2927 δή
659 2844 781 2934 ἀνεκτά]
805 2849 954 2927 ὑπομονῆς
969 2847 1038 2924 ἀξια

176 2968 251 3035 574.
276 2955 302 3015 εἰ
317 2953 352 3029 δη
368 2949 453 3040 σφὼ]
477 2954 503 3016 εἰ
517 2951 552 3030 δὴ
566 2953 649 3032 ὑμεῖς
664 2954 692 3015 οἰ
707 2953 773 3015 θεοί

177 3054 252 3138 576.
275 3051 360 3143 ἦδος]
384 3054 485 3135 ἡδονή,
501 3053 635 3136 ὠφέλεια

173 3169 248 3239 577.
271 3155 440 3246 παράφημι]
465 3163 606 3239 παραινῶ,
622 3159 817 3238 συμβουλεύω
949 3151 1091 3242 νοεούσῃ]
1116 3156 1270 3242 φρονούσῃ

176 3259 252 3342 578.
276 3257 394 3347 ἐπίηρα]
419 3267 473 3325 νῦν
488 3260 576 3343 χάριν

176 3363 252 3446 581.
277 3359 468 3450 στυφελίξαι]
493 3365 679 3442 ἀποκινῆσαι,
695 3363 862 3446 ἀνατρέψω
1305 3389 1338 3446 30

176 3468 252 3549 582.
277 3463 491 3554 καθάπτεσθαι]
517 3463 745 3548 καταπραΰνειν,
760 3466 881 3550 ἐπέχειν

176 3571 250 3652 584.
274 3565 408 3657 ἀναΐξας]
433 3569 563 3635 ἀναστάς
696 3571 774 3654 588.
798 3566 987 3657 θεινομένην]
1011 3567 1220 3650 πληττομένην

176 3676 251 3759 589.
277 3669 437 3760 ἀργαλέος]
454 3675 587 3756 χαλεπός
716 3689 791 3758 590.
815 3669 1008 3761 ἀλεξέμεναι]
1024 3676 1153 3753 βοηθεῖν

176 3797 252 3867 591.
274 3775 422 3865 τετογῶυ]
448 3779 578 3843 ἐκτείνας

176 3884 235 3948 ἀπὸ
249 3888 348 3964 βηλοῦ
364 3876 553 3968 θεσπεσίοιο]
579 3880 637 3944 ἀπὸ
652 3887 751 3961 βηλοῦ
767 3883 858 3959 θείου,
873 3886 1046 3962 θαυμαστοῦ
1307 3906 1341 3969 35

174 4004 249 4073 593.
273 3987 378 4066 ὀλίγος
392 3982 418 4045 δ’
431 3983 475 4046 ἔτι
490 3981 579 4063 θυμὸς
593 3979 694 4071 ἐνῆεν]
720 3984 785 4047 ἀντὶ
800 3990 851 4047 τοῦ
868 3986 1095 4068 έλειποφύχουν

174 4109 250 4178 594.
273 4091 345 4154 ἔνθα
359 4085 412 4176 με]
436 4089 504 4151 τότε
517 4113 555 4167 με
685 4102 759 4173 595.
782 4085 938 4176 μείδησεν]
964 4089 1112 4172 ἐγέλασεν

177 4197 250 4282 596.
275 4189 440 4281 κύπελλον]
464 4189 605 4273 ποτήριον

175 4314 250 4384 597.
274 4292 403 4384 ἐνδέξια]
428 4294 486 4360 ἀπὸ
501 4300 559 4357 τῶν
574 4292 680 4372 δεξιῶν
694 4300 790 4374 μερῶν
805 4293 966 4375 ἀρξάμενος

174 4405 249 4488 598.
273 4397 412 4488 ᾠνοχόει]
438 4401 538 4482 ἐκίρνα
667 4414 743 4483 599.
767 4395 935 4486 ἀσβεστος]
959 4399 1054 4464 πολύς
1307 4429 1343 4484 40

176 4500 301 4592 ἐνῶρτο]
319 4506 476 4586 διεγείρετο
