2954 4936
597 207 767 268 1A1AA02
796 209 835 270 ο.
866 208 951 290 (15)
1330 200 1396 266 369

232 357 261 422 8.
285 358 345 438 αἷμ’
357 359 461 438 ἐμέων,
478 361 539 424 ἐπεὶ
555 360 589 422 ού
603 387 652 439 μιν
860 381 911 428 22.
934 367 1112 443 λιλαιόμενα
1127 363 1215 448 χροὸς
1229 365 1302 428 ἆσαι

210 480 261 538 14.
283 460 303 539 ἦ
317 465 400 539 μάλα
415 462 449 540 δή
465 464 639 544 κακότεχνος
859 478 911 545 25.
935 468 1025 546 αὐτὰρ
1040 470 1104 531 ἐπεὶ
1119 474 1273 532 κατενῶπα

209 563 262 628 26.
285 562 355 641 ἢού
368 565 461 643 μέμνῃ
478 567 526 628 ὅτε
540 563 564 627 τ’
583 564 712 646 ἐκρέμνω
794 583 846 649 77.
881 569 911 633 6.
933 569 999 648 ἤτοι
1015 573 1031 633 ὁ
1044 572 1101 650 μὲν
1116 573 1202 638 νόθος

139 665 196 732 62.
212 686 262 751 19.
286 669 338 747 ἐμὲ
354 666 377 731 δ’
391 667 451 731 οὐδ’
465 669 502 734 ὡς
518 671 609 747 θυμόν
860 687 909 753 17.
934 678 1073 753 Μηκιστῆ
1088 674 1113 736 δ’
1126 675 1179 739 ἕλε

208 789 260 837 20.
284 777 449 835 πεπιθοῦσα
460 771 593 855 θυέλλας
858 794 909 838 20.
933 775 1000 858 ὄφρ’
1028 779 1056 840 οἱ
1085 778 1152 843 τοὺς
1181 777 1312 859 ἐνάριζον
1340 776 1392 842 ἀπ’

208 893 261 958 32.
285 876 333 938 καὶ
352 874 386 937 τὸ
402 877 610 955 κατειβόμενον
628 875 742 958 Στυγὸς
967 879 1052 942 ἔντεα

315 980 391 1059 ύδωρ
751 997 764 1007 ‘
856 1001 909 1067 32.
931 981 988 1063 ῥεῖ’
1005 983 1097 1065 ὄχθας
1118 983 1254 1046 καπέτοιο
1268 983 1391 1061 βαθείης

139 1082 194 1162 64.
209 1101 261 1149 20.
284 1085 301 1146 ό
315 1087 339 1146 δ’
352 1083 492 1162 ἀνστήσει
507 1083 542 1146 δν
558 1085 672 1163 ἑταῖρον
964 1088 1075 1149 ποσσὶν
1090 1086 1196 1166 ἐρίπων
1213 1084 1282 1167 (sio)

208 1185 260 1252 28.
284 1187 351 1250 νόος
366 1185 467 1269 ἀνέρος
483 1209 544 1251 om.
792 1186 842 1266 78.
881 1207 908 1251 1.
930 1189 1109 1270 πειρώμενος
1122 1186 1175 1275 ᾗσι

207 1307 260 1373 32.
283 1288 322 1354 ὡς
340 1287 363 1351 δ’
375 1290 463 1361 ὅτ’,δν
478 1291 543 1369 ἀίξῃ
560 1293 628 1357 νόος
639 1291 741 1370 ἀνέρος
876 1307 907 1363 4.
931 1291 967 1373 τῇ
992 1286 1022 1368 ῥ’
1046 1290 1109 1370 οίγε
1138 1288 1302 1370 προχέοντο
1330 1295 1389 1369 φα-

139 1393 194 1475 65.
207 1412 260 1477 30.
284 1394 349 1456 ούτε
369 1397 448 1458 θεοῖς
468 1397 548 1474 εἴπερ
563 1420 606 1460 τις
626 1395 668 1457 ἐτι
689 1399 740 1457 νῦν
962 1392 1116 1472 λαγγηδόν

314 1497 445 1559 δαίνυται
460 1499 590 1578 σώφρων
878 1492 907 1555 8.
931 1495 971 1559 ὥς
984 1496 1023 1574 ῥα
1038 1494 1075 1557 σὺ
1090 1496 1135 1573 ἤϊε

206 1619 259 1684 33.
281 1600 299 1678 ἡ
315 1603 347 1663 δὲ
362 1601 496 1680 γέλασσε
511 1602 646 1682 χείλεσιν
857 1596 908 1660 28.
931 1599 1069 1679 ναύμαχα
1084 1595 1249 1676 κολλήεντα

139 1703 259 1767 66.10.
282 1703 322 1782 μή
345 1709 397 1767 νῦν
421 1729 471 1782 μοι
496 1702 670 1783 νεμεσήσετ’
685 1703 738 1766 'O-
792 1717 842 1781 79.
877 1719 907 1782 9.
930 1702 973 1768 τίς
989 1701 1014 1763 δ’
1031 1699 1083 1764 οἶδ’
1100 1703 1129 1765 εί
1144 1702 1195 1765 κέν
1209 1703 1238 1764 οἱ
1256 1699 1312 1765 σδν
1327 1702 1389 1764 δαί-

313 1810 426 1886 λύμπια
961 1831 1029 1884 μονι
1044 1805 1137 1884 θυμὸν
1151 1806 1237 1884 ὀρίνω

208 1930 258 1976 12.
283 1912 321 1976 ὡς
336 1911 414 1992 φάτο
430 1913 480 1974 καί
491 1912 517 1991 ῥ’
533 1913 639 1977 ίππους
658 1910 739 1976 κέλε-
855 1927 908 1991 33.
931 1907 988 1971 ἐνθ’
1004 1910 1053 1972 νία
1070 1911 1208 1999 Κλυτίοιο

314 2040 347 2076 το
365 2017 475 2093 Δεῖμόν
489 2041 522 2078 τε
537 2000 643 2093 Φόβον
657 2041 689 2079 τε
791 2009 841 2072 80.
877 2031 907 2094 3.
932 2011 1089 2103 Καλήτορα

138 2117 257 2197 67.10.
282 2117 371 2197 αὐτὰρ
402 2123 463 2182 τοῖς
495 2118 617 2180 ἀλλοισι
650 2119 739 2181 κακὸν
875 2113 906 2176 6.
929 2116 1055 2180 Αἴαντος
1066 2115 1230 2194 θεράποντα
1243 2112 1389 2194 Κυθήριον

311 2221 390 2298 μέγα
405 2225 478 2282 πάσι
857 2236 906 2279 10.
929 2216 992 2280 ναῖ’
1008 2215 1072 2281 ἐπεὶ
1087 2218 1178 2296 ἄνδρα

208 2343 256 2408 13.
280 2324 320 2408 τῷ
336 2328 365 2384 σ’
377 2325 413 2386 αθ
428 2329 481 2386 νῦν
496 2324 617 2403 κέλομαι
857 2339 906 2403 13.
928 2326 1038 2401 Τεῦκρε
1052 2320 1146 2385 πέπον

137 2427 192 2490 68.
208 2445 257 2492 12.
281 2426 376 2490 πάντα
391 2425 415 2489 δ’
428 2428 608 2508 ἀπαγγεῖλαι
855 2441 906 2488 20.
930 2412 1078 2503 ὠκύμορον
1093 2425 1140 2486 καὶ
1156 2421 1243 2501 τόξον

136 2530 191 2612 69.
227 2530 256 2592 6.
279 2529 348 2592 ἶσόν
362 2532 389 2593 οἱ
408 2529 522 2611 φάσθαι
855 2544 906 2606 24.
930 2528 1048 2590 ἰόδοκον

204 2650 255 2697 21.
279 2636 384 2713 τριχθὰ
400 2636 431 2694 δὲ
447 2634 543 2696 πάντα
558 2634 696 2696 δέδασται
789 2628 840 2692 81.
875 2648 906 2712 9.
929 2631 961 2694 ὅς
976 2632 1004 2692 οἱ
1020 2628 1184 2710 ἐϋστρεφέα
1198 2628 1302 2710 νευρήν

138 2750 190 2816 70.
205 2754 255 2801 20.
279 2741 350 2816 γαῖα
365 2733 390 2797 δ’
403 2736 445 2798 ἐτι
459 2733 529 2814 ξννή
856 2752 905 2809 14.
928 2733 1031 2812 νευρήν
1047 2733 1074 2794 δ’
1090 2729 1226 2812 ἐξέρρηξε
1247 2732 1385 2811 νεόστρο-

138 2853 189 2915 71.
228 2854 255 2896 1.
278 2835 318 2917 τῷ
333 2837 371 2914 ῥα
386 2834 432 2896 καὶ
447 2835 480 2897 ού
496 2859 523 2896 τι
540 2833 613 2900 Διὸς
627 2835 735 2914 βέομαι
961 2844 1030 2916 φον,
1046 2834 1082 2914 ἣν
1098 2835 1222 2911 ἐνέδησα
1236 2835 1345 2914 πρώϊον

311 2939 418 3017 φρεσίν
855 2953 904 3019 17.
927 2941 1038 3020 πρώϊον
1053 2937 1121 3020 ὄφρ’
1133 2937 1268 3020 ἀνέχοιτο

223 3054 253 3120 5.
277 3043 363 3123 χερσὶ
378 3041 418 3119 μή
436 3044 467 3104 τί
478 3067 515 3120 με
531 3041 631 3124 πάγχυ
647 3041 735 3104 κακὸν
853 3061 903 3125 29.
927 3043 1000 3121 ήμέν
1015 3041 1144 3105 ὁτέοισιν

309 3145 347 3208 ὡς
362 3145 556 3206 δειδισσέσθω
787 3147 838 3214 82.
853 3167 904 3225 24.
928 3146 984 3210 ἐνθ’
993 3145 1110 3226 Ἕκτωρ
1124 3149 1179 3224 μὲν
1191 3145 1242 3208 ἐλε
1258 3146 1385 3226 Σχεδίον

204 3243 253 3306 16·
274 3244 329 3329 ὁμῇ
344 3244 534 3324 τετρωμένον
851 3249 902 3316 28.
927 3249 1124 3328 Πουλυδάμας
1147 3253 1171 3310 ι’
1185 3246 1282 3310 Ὦτον
1306 3252 1383 3310 κυκ-

136 3364 188 3426 72.
204 3365 252 3408 10.
276 3347 328 3424 ἠδέ
342 3349 370 3409 οἱ
385 3347 460 3431 αὐτῷ
958 3352 1061 3430 λήνιον

135 3463 187 3535 73.
224 3464 252 3530 7.
276 3451 309 3536 τῇ
324 3449 394 3530 μάλ’
410 3453 587 3513 ἐπισσείωνι
610 3450 733 3529 φοβέειν
849 3472 901 3536 31.
926 3453 1021 3531 τόφρα
1044 3452 1076 3512 δέ
1094 3452 1134 3533 τῷ
1158 3450 1301 3528 ἐπόρουσε
1323 3450 1383 3510 Δό-

308 3555 403 3634 ἥρωας
420 3553 492 3637 (sie)
956 3560 1021 3632 λοψ

203 3657 251 3719 18.
276 3659 554 3738 ἀμφϊέγινώσκων
785 3654 836 3738 83.
872 3674 901 3737 3.
925 3654 976 3714 τόν
990 3649 1019 3732 ῥ’
1037 3652 1139 3729 ἐφόρει
1154 3648 1311 3730 γυάλοισιν

200 3779 251 3846 23.
274 3759 324 3840 ἧσ’
337 3761 539 3842 ὀλιγηπελέων
870 3757 900 3819 6.
923 3758 1035 3835 ήγαγεν
1049 3751 1084 3830 ἐξ
1096 3750 1228 3832 Ἐφύρης

199 3881 250 3946 27.
273 3865 362 3944 ἤματι
378 3862 585 3949 τῷδ’όψεσθαι
851 3878 900 3925 12.
924 3855 1074 3920 κάππεσεν
1104 3855 1136 3918 ἐν
1166 3854 1289 3939 κονίῃσι,
1316 3852 1382 3916 νέον

133 3984 250 4050 7410.
274 3968 442 4046 ἀκοστήσας
460 3969 507 4031 ἐπὶ
523 3969 619 4052 φάτνῃ
666 4029 673 4045 ι
956 3961 1067 4041 φοίνικι
1082 3958 1204 4039 φαεινός

133 4087 185 4154 75.
220 4093 250 4157 3.
274 4074 311 4140 δι·
328 4072 443 4135 Δαναοὶ
459 4071 523 4135 εἵως
851 4087 899 4149 19.
924 4064 1065 4143 συλήσειν
1086 4058 1203 4141 Ἕκτωρ
1233 4062 1264 4122 δέ
1298 4085 1381 4123 κασι-

220 4176 249 4240 8.
272 4177 291 4254 ἢ
310 4176 363 4255 θήν
377 4202 428 4254 μιν
955 4166 1089 4248 γνήτοισι

199 4295 249 4360 17.
275 4281 379 4362 Μέγην
393 4279 419 4343 τ’
432 4278 597 4342 ἀτάλαντον
849 4292 899 4357 23.
922 4268 1010 4351 βάσκ’
1042 4271 1075 4332 ἐν
1111 4267 1253 4352 Περκώτῃ
1293 4263 1382 4342 δηίων

131 4385 183 4466 76.
219 4383 248 4447 8.
272 4387 367 4465 μακρὰ
380 4382 473 4463 βιβάς
953 4373 1121 4454 ἀπονόσφιν
1136 4371 1244 4434 ἐόντων

199 4507 248 4569 15.
272 4487 470 4570 ἀμφιδάσειαν

171 4612 241 4656 VOL.
257 4611 294 4655 II·
