2954 4936
503 198 676 258 1A1AA02
707 199 741 257 Σ.
773 196 858 279 (18)
1193 196 1255 260 τοι

153 351 234 424 κοιτδι
258 349 390 446 πρῦμναν
415 345 467 420 ιιαῖ
496 347 609 446 πρφραν
634 348 867 442 ἀνατεταμένων,
892 351 1105 448 θρθοιιεφοίλων·
1148 360 1255 449 ιιραῖρα

101 467 163 566 νῦν
180 471 200 558 ἡ
217 468 350 558 κεφαλή·

154 612 186 673 4.
212 583 253 655 τὼ
270 580 430 682 φρονέοντ’]
455 583 484 654 οἶ
507 579 573 676 περῖ
598 591 654 653 τῖον
671 583 766 675 φίλων
783 583 962 679 ἀγωνιῶντες
984 584 1013 656 ἓν
1029 594 1094 666 τοῖς
1119 585 1257 666 κινδύνοις

104 700 284 780 δυσέλπιδές
302 699 387 772 εἶσιν.
423 699 489 772 έστι
509 692 540 770 δῦ
558 707 613 770 τῖον
631 698 659 770 ἒν
676 698 790 796 αἰτυχίμ
807 699 1008 796 προληπτικδς
1025 703 1040 773 θ
1057 710 1132 781 νοῦς.

156 837 189 911 5.
220 811 369 912 θχθῆσας]
398 821 463 899 ἤτοι
492 811 644 903 λυπηθεὶς,
674 813 733 886 οἷπδ
763 824 814 888 τοῦ
844 815 965 911 ἄχθους,
994 815 1015 889 θ’
1036 818 1103 890 έστι
1135 813 1290 912 βοίρους95

107 932 249 1029 λέγοιμεν
265 931 290 1003 δ’
307 927 342 1004 εῖν
359 930 410 1003 καῖ
426 927 591 1029 βαρυνθείς.
626 928 645 1019 ἢ
668 927 702 1002 τδ
720 931 855 1028 σ’χθήσας
877 931 936 1005 οἷπῦ
960 941 1012 1004 τοῦ
1035 931 1124 1028 ῦχθου
1148 929 1260 1026 ὧνθμα-

109 1083 193 1135 σται,
212 1048 292 1146 ῦχθοι
310 1048 342 1120 δέ
359 1048 399 1120 τὼ
417 1046 532 1136 §wod
564 1042 619 1119 οῖον
636 1045 771 1144 ε’παρθεῖς
787 1058 829 1147 τῷ
846 1055 934 1149 θυμῷ.

160 1191 191 1256 7.
217 1163 317 1256 νουσῖν
334 1165 382 1238 έπι
399 1163 581 1262 κλονέονται]
597 1166 815 1261 ἀναστρεπτέον
840 1167 893 1254 τὴν
918 1162 1063 1260 πρθθεσιν,
1082 1164 1188 1260 ὁμοίως
1204 1165 1257 1236 καῖ

108 1280 159 1355 ε’πῖ
184 1291 236 1355 τοῦ
261 1291 282 1320 “
295 1280 395 1370 νηνσῖν
419 1281 468 1355 έπι
494 1282 624 1376 προέηκα
635 1285 654 1313 ”
672 1281 781 1381 (439).
823 1287 833 1310 ‘
861 1282 954 1373 διπλῆ
983 1284 1025 1371 δέ,
1043 1279 1090 1356 ’θτι
1115 1282 1214 1355 λείπει
1240 1286 1259 1372 ἡ

108 1401 169 1485 διαί,
187 1398 348 1495 φεῦγοντες
367 1398 416 1470 διὼ
432 1407 485 1470 τοῦ
500 1398 611 1472 πεδίου.
1278 1435 1315 1475 10

165 1544 289 1606 10,11.
316 1514 509 1612 Μνρμιδθνων
539 1514 589 1588 τὼν
614 1514 891 1614 ἄριστον-χερσῖν
922 1513 976 1589 ῦπο
1010 1514 1128 1616 Τρθων]
1162 1515 1190 1589 ἓν
1223 1524 1262 1618 τῇ
1359 1546 1362 1553 ’

109 1636 225 1706 Ῥιανοῦ
250 1633 303 1706 οῦκ
328 1631 405 1722 ἦσαν
430 1632 459 1704 οῖ
482 1629 529 1718 β’,
547 1631 619 1715 ῖσως
645 1633 708 1706 ε’πεῖ
735 1635 786 1707 οῦκ
805 1633 838 1724 ἦν
855 1635 1019 1733 Μυρμιδὼν
1036 1638 1051 1707 o‘
1068 1638 1262 1732 Πάτροκλος·

110 1747 225 1846 Λοκρδς
248 1751 309 1847 γὼρ
334 1747 368 1840 ἦν
395 1749 427 1835 ἔξ
450 1748 621 1830 Ὀποῦντος.
656 1749 714 1822 δεῖν
735 1750 768 1821 δέ
790 1763 886 1844 φησιν
908 1754 923 1823 o‘
942 1750 1148 1849 Ἀρίσταρχος
1174 1743 1265 1835 οῦτως

111 1863 186 1938 αῦτδ
219 1866 455 1964 παραδέχεσθαι,
481 1863 531 1939 τδν
557 1866 640 1958 μετδι
665 1863 715 1939 πδν
740 1868 861 1965 ἄριστον
886 1878 941 1941 πῦν
967 1866 1171 1966 Μυρμιδθνων.
1213 1862 1265 1939 καῖ

112 1985 195 2056 κατά
219 2016 302 2064 τινας
325 1983 357 2056 δὲ
381 1993 436 2055 τῦν
461 1981 526 2076 μεθ’
543 1980 684 2079 Ὅμηρον
707 1980 827 2081 Ἀιιτωρ
859 1988 874 2058 o‘
899 1985 999 2082 πατὴρ
1030 1994 1081 2058 τοῦ
1108 1983 1266 2058 Μενοιτίου
1283 2019 1318 2079 15

114 2103 240 2196 λέγεται
270 2110 381 2186 λαβεῖν
411 2101 547 2198 Αῖγιναν,
580 2102 615 2174 εἰε
649 2101 764 2192 ταθτης
794 2104 826 2176 δὲ
855 2106 993 2199 γενέσθαι
1024 2101 1180 2176 Μενοίτιον
1215 2101 1266 2174 ιοαῖ

114 2219 234 2308 οίιιῆσαι
262 2218 291 2291 ἓν
316 2218 467 2291 Ὀποῦντι·
504 2215 596 2301 οῦτως
623 2216 670 2292 οῦν
694 2217 809 2315 γίνεται
838 2218 872 2292 τῦ
902 2220 1039 2292 ἀνέκαθεν
1065 2219 1227 2316 Μυρμιδὼν
1252 2221 1267 2290 o‘

116 2339 310 2434 Πάτροκλος.
336 2335 458 2408 δῦναται
476 2336 508 2409 δέ
525 2333 577 2408 καῖ
595 2337 700 2437 ἑτέρως
713 2336 875 2434 Μυρμιδὼν
893 2340 907 2408 θ
925 2339 1105 2432 Πάτροκλος
1123 2336 1267 2431 λέγεσθαι
1292 2363 1294 2365 '

115 2454 166 2525 διὰ
191 2451 226 2526 τδ
256 2451 338 2547 μετὼ
366 2450 415 2524 τδν
433 2453 591 2548 Ἀχιλλέα
617 2457 792 2547 ἡγήσασθαι
820 2462 875 2524 τῶν
900 2449 1104 2548 Μυρμιδθνων.
1138 2461 1199 2531 πῦς
1225 2451 1268 2536 δὲ,

117 2567 210 2662 φασῖ,
233 2578 320 2644 τοῦτο
346 2570 535 2661 πεπυσμένος
555 2569 638 2667 παρῦι
658 2579 714 2659 τῆς
737 2567 851 2667 μητρδς
875 2568 991 2664 έπεμπε
1016 2568 1064 2640 τὼν
1089 2572 1268 2666 Πάτροκλον
1284 2591 1322 2631 20

118 2687 161 2766 είς
178 2685 228 2759 τὼν
245 2685 393 2782 πθλεμον;
420 2686 475 2775 ῖτι,
493 2685 572 2780 φαίη
595 2720 642 2766 τις
664 2681 710 2771 ἂν,
732 2685 800 2758 οῦτε
817 2685 945 2781 τοῦτομα
972 2694 1080 2775 σαφῦς
1106 2681 1185 2756 εἶπεν
1202 2682 1269 2757 οῦτε

83 2850 88 2855 ·
116 2802 167 2878 τὼν
189 2804 299 2901 χρθνον,
315 2807 398 2901 παρά
419 2837 453 2877 τε
477 2802 527 2878 τδν
550 2801 648 2900 καιρδν
671 2805 746 2894 λήθη
769 2802 885 2899 γίνεται
907 2812 962 2875 τῶν
978 2802 1122 2875 τοιοτίτων·
1149 2801 1218 2874 θταν
1238 2800 1270 2873 δὲ

116 2923 234 3021 ἀποβῇ,
251 2923 485 3016 μιμνήσκονται.

169 3037 283 3120 ἄλλως.
321 3039 427 3138 χαρίεν
448 3039 542 3136 τούτῳ
567 3045 609 3137 τῷ
635 3035 731 3135 τρθπρ
756 3045 905 3134 προειπεῖν
929 3037 983 3125 τὴν
1009 3036 1117 3108 Θέτιν·
1153 3033 1185 3106 οῦ
1210 3035 1270 3132 γὼρ

113 3155 264 3243 ,ἒβοῦλετυ
290 3153 324 3228 τδ
352 3154 466 3247 μέλλον
492 3155 716 3242 ε’πιτελεσθῆναι
745 3157 860 3233 πάντως
886 3153 920 3226 ἔκ
946 3161 1060 3226 πολλοῦ
1090 3159 1271 3251 προειποῦσα
1286 3174 1325 3236 25

119 3282 224 3344 λυπεῖν
241 3271 291 3345 τὼν
307 3271 377 3346 υῖίν.
412 3271 550 3360 ε’πίτηδες
571 3273 602 3344 δέ
625 3272 717 3344 εἰπεῖν
734 3269 767 3342 τῦ
786 3268 1020 3369 Μνρμιδθνων
1037 3267 1095 3342 τὼν
1112 3268 1270 3367 ἄριστον,

120 3384 169 3462 ῖνα
184 3391 229 3484 μὴ
246 3400 378 3484 φανεροῖς
395 3388 464 3490 εῖπῃ
481 3386 530 3461 τδν
548 3391 740 3486 Πάτροκλον.

171 3504 366 3604 Μυρμιδθνων
398 3505 448 3580 τδν
481 3506 601 3605 θριστον
648 3509 667 3596 ἡ
702 3505 791 3593 διπλῆ
825 3502 896 3598 πρὼς
921 3502 956 3576 vd
990 3501 1180 3597 ἀμφίβολον,
1209 3510 1273 3583 πῶς

121 3622 316 3719 Μνρμιδθνων
332 3623 453 3724 ἄριστον
470 3626 554 3719 λέγει
571 3619 620 3697 τὼν
638 3625 816 3718 Πάτροκλον
834 3619 945 3718 Λοκρδν
962 3619 1041 3693 ῦντα.

176 3768 226 3814 11.
253 3738 390 3839 *χερσῖν
408 3737 462 3814 ῦπο
479 3738 597 3839 Τροίαν]
622 3736 687 3812 οἷντῖ
705 3746 757 3811 τοῦ
774 3736 828 3810 ῦπδ
846 3748 902 3836 τοῖν
917 3747 1022 3834 χειροῖν
1039 3746 1094 3809 τῦν
1110 3733 1225 3835 Τρίτων.
1288 3768 1328 3825 30

165 3928 192 3984 3.
215 3903 338 3988 *φίλων]
354 3906 462 3982 φαύλων
691 3892 695 3907 ¹
764 3924 809 3964 12.
828 3900 937 3985 Ῥιανοῦ]
955 3907 995 3961 καὶ
1008 3903 1212 3980 Ἀριστοφάνους
1225 3902 1275 3961 ad·

166 4004 194 4064 5.
215 3984 322 4069 ὅχθουε]
337 3989 401 4062 fixe&
719 3985 764 4046 dit
778 3986 928 4046 Bekkerus

165 4089 194 4146 9.
208 4068 247 4128 In
256 4089 346 4147 marg.
358 4070 442 4130 inder.
458 4070 498 4127 ὅτι
511 4071 617 4142 λεῖπειὴ
629 4071 678 4141 διὰ,
764 4088 808 4141 14.
824 4064 899 4147 αὐτὸ]
916 4065 950 4124 αὖ

124 4154 167 4209 διὸ
180 4154 270 4210 πεδίου
760 4150 952 4224 παραδέχεσθαι
962 4150 1007 4204 πδν
1020 4147 1073 4216 μετ’
1084 4149 1159 4203 αὐτὸν
1170 4147 1276 4222 ἄριστον

170 4252 214 4293 10.
236 4228 337 4314 πεδίου]
360 4231 498 4309 Sequitur
510 4231 542 4290 in
555 4231 584 4290 A
598 4231 680 4292 scho-
721 4238 772 4288 τῶν
786 4233 952 4304 Μυρμιδόνων
965 4228 1059 4287 Maur.
1075 4227 1216 4289 Schmidt.
1227 4247 1273 4306 ap.

125 4313 188 4374 lion
211 4314 486 4392 ε’ζίρτηται-χρονίσαι
510 4317 538 4372 ἐν
560 4319 592 4384 τῇ
618 4316 678 4390 ὁδῷ,
721 4311 856 4388 Mayhoff.
871 4310 907 4369 de
921 4309 1036 4368 Rhiano
1049 4328 1077 4386 p.
1094 4328 1140 4384 31.

127 4395 205 4473 quod
219 4395 250 4452 in
268 4394 332 4454 aliis
352 4394 435 4454 libris
455 4399 532 4455 recte
553 4393 680 4472 adserip·
767 4412 814 4469 30.
836 4399 882 4450 τοῦ
896 4391 1010 4452 addidit
1025 4391 1093 4450 Vill.

127 4483 193 4537 tum
206 4476 301 4536 estad
320 4491 364 4553 17,
380 4479 447 4553 698.
664 4484 666 4487 ’

676 4607 730 4656 L2
