2954 4936
178 201 199 265 ν
572 154 744 261 ιλιλλον
774 201 815 261 N.
846 145 932 279 (τε)

639 347 801 378 ΗλΙ
1208 345 1328 376 ’λῖἱ

210 356 258 442 ’4.
285 351 391 452 βραχύ
413 352 612 426 διασταλτέον
635 385 683 424 επι
707 381 741 424 το
763 363 899 443 νοσφιν·
926 349 1067 450 άναφέρει
1093 349 1152 448 γῶρ
1178 381 1252 423 αυτο
1279 381 1327 422 επι

178 469 247 552 τοὺς
264 478 368 568 Τρῶας
387 468 437 542 καί
456 467 704 560 τοῶςἝλληνας.

229 611 261 679 5.
306 585 440 682 Ἀγαυῶν
472 586 696 686 Ἱππημολγῶν]
734 584 862 684 Ἀγαυοδ
896 584 986 680 ῶνομα
1020 584 1122 666 έθνους·
1158 579 1263 665 ίππους
1297 585 1327 657 δὲ

178 703 366 800 άμέλγοντες
394 701 473 776 ούτοι
503 713 545 806 τῷ
569 706 705 799 γάλακτι
732 702 899 803 έτρέφοντο.
943 704 1119 801 Δημήτριος
1140 702 1171 777 δέ
1196 701 1328 798 άγανοδς

179 821 249 903 τοδς
266 821 401 902 εύειδεῒς.
1343 829 1360 890 5

229 947 270 1011 6.
288 938 514 1034 γλακτοφάγων
528 935 646 1024 Ἀβίων
663 935 713 1038 τε]
735 947 850 1010 πολλῶν
868 936 1021 1040 είρημένων
1037 934 1103 1035 περί
1125 934 1232 1010 τούτων
1254 951 1328 1007 πολ-

178 1064 252 1141 λοῖς,
282 1055 417 1141 βέλτιον,
447 1053 485 1134 ῶς
513 1052 710 1152 Ἀριστάρχῳ
740 1053 843 1139 έδάκει,
872 1051 924 1125 καί
957 1050 1048 1151 χωρίς
1082 1062 1134 1126 τού
1164 1053 1329 1146 συνδέσμου

178 1171 377 1269 προφέρεσθαι
395 1169 445 1242 τῶν
463 1169 580 1266 στίχον,
594 1170 643 1243 καί
662 1172 855 1245 διαστέλλειν
871 1169 976 1269 βραχύ
994 1173 1076 1265 μετά
1093 1204 1127 1243 τε
1144 1171 1196 1259 τὴν
1213 1168 1329 1266 πρύτην

179 1289 260 1373 λέξιν
276 1286 328 1360 καὶ
344 1288 427 1379 μετὰ
443 1287 496 1375 τὴν
514 1287 663 1384 δευτέραν,
682 1283 729 1360 ίνα
745 1288 786 1360 τῶ
806 1287 868 1378 έθνη
886 1288 988 1360 πολλῶν
1012 1283 1063 1359 καὶ
1087 1283 1120 1359 τδ
1144 1287 1328 1358 δικαιοτά-

178 1437 242 1477 των
258 1403 349 1477 κοινῶν
366 1401 415 1476 έπδ
431 1406 547 1476 πάντων
564 1405 710 1496 νοούμενον
726 1405 849 1500 μείζονα
865 1405 918 1494 την
936 1403 1068 1504 ἱστορίαν
1085 1400 1227 1504 έμφαίνη.
1344 1421 1381 1462 10

231 1519 464 1618 *Ἀρίσταρχος
479 1518 571 1618 χωρίς
588 1530 640 1594 ποῶ
657 1555 703 1610 τε,
722 1523 960 1595 δικαιοτάτων
977 1520 1167 1620 άνθρῶπων.

228 1636 362 1724 Ἀβίων
383 1647 439 1710 τῶν
463 1638 592 1731 νομάδων
617 1647 745 1725 Σκυθῶν,
764 1637 824 1711 ῶθεν
849 1635 899 1710 καί
917 1641 932 1710 o‘
948 1635 1136 1734 Ἀνάχαρσίς
1162 1637 1253 1709 ἔστιν·
1280 1634 1329 1716 οδς

179 1754 214 1844 δη’
232 1766 328 1847 φησιν
343 1756 480 1827 ἁπάντων
497 1750 569 1827 εἶναι
592 1756 807 1843 δικαιοτάτους,
826 1753 870 1828 ῶτι
889 1754 998 1836 κοινούς
1021 1755 1127 1850 έχουσι
1144 1753 1261 1834 παῖδας
1278 1749 1329 1823 καὶ

178 1881 323 1968 γυναῖκας
342 1869 393 1944 καί
417 1872 458 1945 τδι
483 1874 582 1943 πάντα
603 1872 682 1960 πλὴν
704 1867 810 1965 ξίφους
834 1869 885 1944 καί
910 1871 1056 1969 ποτηρίου.
1083 1872 1197 1951 τούτοις
1219 1870 1251 1941 δέ
1277 1868 1328 1940 καὶ

178 1989 358 2084 αὐτομάτως
387 1993 406 2079 ἡ
434 1997 475 2082 γῆ
509 1986 577 2074 βίον
610 1989 708 2084 φέρει,
744 1986 812 2061 ούδέ
842 2019 871 2058 τι
908 1996 975 2086 ζῷον
1010 1986 1164 2061 έσθίουσιν.
1208 1985 1328 2065 τούτους
1346 2005 1381 2065 15

214 2104 222 2129 2
277 2105 287 2132 Ι
446 2100 456 2126 Ι
602 2100 611 2127 Ι
673 2104 687 2131 ¹!
797 2103 808 2132 Χ
840 2103 849 2129 )
901 2105 910 2131 Ι
1031 2102 1045 2135 Α
1137 2103 1148 2130 ἱ
1207 2101 1216 2128 Ν
1294 2100 1303 2124 Ι

177 2112 340 2202 Αιοχυλος
365 2111 500 2188 Γαβιους
527 2116 632 2193 φησιν.
667 2111 751 2188 αβιοι
778 2103 809 2177 δε
836 2111 1004 2193 εκληθησαν
1028 2139 1047 2194 η
1073 2137 1155 2202 παρα
1184 2136 1234 2176 τον
1262 2111 1329 2187 βιον

178 2219 268 2311 θητῶν
285 2222 369 2305 βίαν.
395 2217 499 2316 ἢάμα
523 2219 582 2320 βίην
605 2218 801 2317 πορευύμενοι.
827 2217 846 2310 ἢ
868 2219 914 2293 θ’τι
941 2219 1046 2294 άοικοι.
1074 2221 1102 2293 οἷ
1123 2221 1155 2293 δὲ
1171 2218 1205 2292 τδ
1222 2223 1244 2291 ἆ
1261 2218 1329 2290 κατ’

184 2340 193 2364 ν
223 2338 232 2365 ι
347 2333 416 2370 αντ
551 2336 559 2364 ι
659 2335 669 2361 λ
812 2347 826 2364 u
874 2337 890 2364 ιι
1033 2337 1043 2366 Ι
1143 2337 1157 2370 λ
1202 2336 1212 2362 ν
1261 2343 1270 2367 e
1305 2337 1314 2365 Ι

179 2373 327 2425 επιτασιν,
347 2372 372 2412 ιν
396 2373 416 2438 ῃ
439 2345 592 2422 πολυβιων
617 2371 668 2411 και
693 2354 854 2426 πολυετων,
870 2370 915 2411 οτι
941 2347 1115 2435 μακροβιοι.
1140 2374 1159 2429 η
1181 2370 1229 2410 τον
1254 2369 1330 2432 ημε-

313 2457 323 2484 Ι
395 2457 406 2483 λ
442 2455 450 2481 5
541 2453 549 2479 Ι

178 2489 260 2553 τερον
281 2465 348 2542 βιον
367 2489 413 2549 μη
437 2486 543 2551 εγνωκο

179 2571 198 2663 ἢ
215 2575 259 2666 μη
276 2573 470 2667 βιαζομένων.
497 2569 718 2666 ἢάμαξοβίων.
746 2572 823 2654 τινές
842 2572 874 2645 δὲ
892 2573 1012 2652 τούτους
1029 2577 1197 2667 Σαρμάτας
1222 2572 1328 2661 φασίν·
1345 2596 1384 2636 νει

545 2478 609 2527 των·
646 2454 780 2551 ε’πιφέρει
801 2454 861 2552 γάρ
882 2455 1120 2529 δικαιοτάτων
1141 2454 1328 2555 άνθράπων.

179 2690 303 2786 λέγουσι
323 2690 354 2762 δὲ
371 2687 478 2770 αύτοδς
495 2687 564 2768 τούς
582 2687 680 2769 ῶδίτας
700 2687 866 2786 τρέφοντας
882 2689 974 2761 άλλον
991 2688 1075 2786 άλλρ
1093 2689 1279 2781 διαπέμπειν.

229 2810 343 2878 πάντων
368 2813 484 2878 Σκυθῶν
510 2803 719 2893 ύποκυφάντων
743 2805 928 2902 Ἀλεξάνδρῳ
952 2802 1056 2898 μάνους
1081 2802 1209 2890 Ἀβίους
1233 2801 1331 2897 φασίν

180 2923 238 3019 ούχ
264 2924 397 3010 ὑπεῖξαι,
419 2919 504 3016 μύνον
529 2922 561 2994 δέ
587 2921 844 3015 ἐπισκεψομένους
868 2922 921 3010 την
946 2923 1047 3018 φυχδηυ
1067 2931 1119 2994 τοῶ
1141 2920 1241 3018 άνδρθς
1265 2923 1330 2996 ε’πι-

181 3041 421 3136 κηρυκεύσασθαι
448 3039 520 3138 πρδς
546 3036 645 3123 αύτάν.
682 3038 887 3117 δικαιοτάτους
914 3037 946 3110 δέ
971 3051 1066 3130 φησιν
1091 3037 1198 3119 αύτούς
1221 3039 1270 3112 διδι
1295 3038 1330 3113 τδ

180 3157 382 3252 ἀνεπίμικτον,
400 3157 438 3240 ὥς
461 3153 512 3228 καὶ
532 3155 707 3244 Αἰθιοπῆας·
735 3152 754 3245 ἢ
781 3153 826 3228 ῶτι
852 3155 905 3228 ούκ
929 3154 1078 3244 ἠθέλησαν
1104 3165 1328 3253 συστρατεῦσαι
1345 3176 1383 3239 ν5

181 3273 339 3367 Ἀμαζάσιν
356 3242 535 3355 εἷςἈσίαν.

233 3400 263 3464 8.
292 3391 353 3464 *ού
378 3390 437 3488 γδιρ
464 3389 506 3463 ἔτ’
522 3384 686 3486 ἀθανάτων]
701 3384 925 3483 Ἀριστοφάνης
951 3386 1001 3458 διὰ
1023 3395 1074 3460 τοῶ
1097 3391 1122 3472 ἓ,
1141 3387 1173 3462 ού
1195 3388 1263 3484 γάρ
1286 3389 1329 3462 ’ἔτ’

181 3509 367 3580 άθανάτων.

232 3655 261 3718 9.
290 3621 479 3721 *ἀρηξέμεν]
494 3623 649 3720 γράφεται
666 3613 718 3690 καί
735 3617 894 3715 ἀρήξειν.

235 3771 285 3816 10.
311 3738 529 3838 άλαοσκοπιήν]
557 3734 692 3833 ματαίαν
720 3735 773 3824 την
803 3738 1008 3826 κατασκοπήν·
1042 3737 1139 3821 άλαδς
1163 3740 1221 3837 γδιρ
1251 3738 1331 3812 κατὰ
1346 3771 1384 3827 30

182 3861 336 3932 διάλεκτον
353 3861 366 3929 ὃ
384 3853 509 3949 τυφλάς.

224 4013 252 4066 4.
274 3993 333 4070 *τῷ
346 3987 467 4072 γάλακτι]
483 3995 512 4048 τὸ
525 3994 595 4065 γάλα
776 3988 869 4057 τόξοις.

224 4081 312 4133 6-10.
335 4073 445 4131 Eadem
459 4077 525 4149 post
539 4071 589 4129 lin.
608 4083 654 4146 νγ.
822 4072 867 4128 18.
889 4067 1042 4153 *έπέτασιν]
1057 4075 1160 4130 ἔκτασιν

225 4161 251 4215 8.
273 4181 301 4212 τε
315 4155 447 4214 additum
462 4154 555 4212 eloco
569 4152 669 4212 altero.
819 4147 952 4232 ἡμέτερον]
968 4152 1084 4228 *ἥμερον

227 4241 333 4296 16-20.
355 4235 465 4294 Eadem
489 4234 548 4294 fere
572 4232 671 4311 Etym.
694 4232 735 4292 M.
823 4252 869 4292 νο.
901 4239 1033 4308 Σαρμάται
1056 4255 1092 4294 ex
1114 4230 1225 4316 Etym]
1248 4260 1332 4312 σπαρ-

179 4337 210 4396 p.
219 4340 246 4394 3,
259 4339 304 4377 το.
314 4338 328 4375 2
334 4337 380 4394 32.
390 4324 419 4376 et
429 4316 562 4376 Eustath.
572 4336 601 4392 p.
611 4319 679 4391 916,
689 4333 734 4390 17.
778 4317 859 4387 μάτας
873 4310 901 4392 (*
910 4316 1085 4397 Σαυρομάται)

228 4415 272 4475 17.
302 4403 353 4476 βίῳ
387 4397 535 4480 ΕΠΒθωθῙλ]
570 4403 642 4466 βοῶν.
697 4397 735 4457 In
822 4414 868 4471 23.
891 4393 989 4468 *μόνον
1016 4397 1113 4479 (χρόνῳ
1137 4399 1234 4474 Eust.)
1263 4401 1332 4456 &⁸-

177 4479 279 4559 Etym.
296 4480 336 4540 M.
351 4486 419 4550 βιοῖς
438 4483 472 4554 μὴ
486 4481 632 4557 χρωμένων,
650 4480 666 4537 ὅ
679 4482 735 4539 ἐστι
779 4482 843 4556 πρὸς
856 4474 944 4561 αὐτὸν]
959 4499 1015 4540 om.
