2954 4936
130 201 195 264 νον
532 201 701 261 mmm
732 202 771 260 α.
803 197 888 278 (νο)

952 346 1132 377 ,Qun
1223 343 1285 376 ἸΊ

199 353 246 382 ”’
270 353 278 377 ’
299 352 314 381 ‘'
433 352 440 378 ’
469 346 572 440 “ῖζεν.
608 350 658 422 καῖ
681 347 915 443 ῶτιτδέμπης
941 383 1007 422 αντι
1034 383 1085 421 τον
1111 379 1259 443 ομως,εσ

131 387 200 426 κατ
226 387 269 449 αρ
297 364 387 442 εζεν,
410 386 477 450 ονχι

132 469 181 544 ῶτε
200 471 231 542 δὲ
248 471 316 543 ἀντῖ
333 479 385 542 τοῶ
403 469 519 564 ὅμοίως·
549 475 570 506 “
584 468 682 562 ’έμπης
699 501 750 562 μοι
769 469 861 541 δοκέει
880 465 983 540 δαίδων
996 468 1122 548 σέλας”
1142 464 1221 563 (Οὰ
1239 470 1286 550 18,

133 592 221 681 353)-

183 729 258 795 524.
287 702 352 777 *ού
374 709 445 802 γάρ
464 701 521 785 τίς
540 702 566 775 τ’
585 705 715 784 ἀννσις
732 702 760 774 ἓν
776 703 871 801 ἀλλην.

183 845 257 913 525.
287 817 508 918 ἐπεκλώσαντο]
534 822 710 920 εἱμαρμένον
728 817 879 909 ε’ποῖησαν,
899 818 1107 917 έπεμοίρησαν.
1135 813 1195 889 άπδ
1208 826 1318 912 ’μιῶς5

133 938 254 1036 Μοίρας
278 938 393 1037 εῖρηται
419 948 472 1028 τῆς
492 945 642 1020 Κλωθοῦς·
669 946 749 1034 τρεῖς
776 937 832 1031 μὶν
853 936 913 1034 γάρ
931 934 1143 1032 παραδίδονται
1162 939 1288 1030 Μοῖραι,

134 1054 245 1128 Κλωθῶ
263 1059 406 1152 Λάχεσις
417 1053 576 1153 Ἀτροπος.

183 1197 258 1265 527.
273 1170 321 1245 ῶτι
337 1174 464 1246 έντεῶθεν
479 1171 613 1272 Ἡσιοδρ
625 1171 676 1271 (0.
693 1171 750 1269 94)
764 1168 798 1242 τδ
815 1167 882 1267 περῖ
899 1175 952 1240 τοῶ
969 1167 1051 1240 πίθον
1067 1167 1219 1264 μύθενμα,
1238 1165 1289 1238 καῖ

133 1288 179 1361 ῶτι
207 1290 254 1360 δύο
279 1288 349 1371 τοῶς
371 1293 488 1371 πάντας
514 1293 599 1385 λέγει
626 1286 736 1369 πίθους.
774 1288 851 1368 τινὲς
875 1283 908 1359 δέ
927 1296 983 1358 τῶν
1000 1285 1139 1382 νεωτέρων
1157 1284 1209 1359 ένα
1233 1286 1289 1379 μὲν

133 1417 188 1477 τῶν
205 1407 330 1503 ἀγαθῶν,
349 1405 398 1478 δύο
417 1408 446 1479 δὲ
465 1417 521 1478 τῶν
538 1416 632 1478 κακῶν
651 1405 792 1489 ἐδέξαντο.
1304 1425 1337 1466 10

185 1525 227 1604 εἷς
253 1524 441 1620 παραμυθίαν
467 1533 519 1596 τοῖν
540 1526 685 1618 Πριάμου
708 1527 721 1594 5
744 1523 870 1610 ποιητὴς
897 1521 1046 1618 εἰσάγαγε
1064 1517 1114 1593 τῶν
1132 1518 1290 1615 Ἀχιλλέα

134 1642 263 1737 λέγοντα
284 1651 395 1728 ταῦτα,
413 1642 514 1730 ε’πειδη
531 1639 622 1734 μάνων
638 1641 753 1736 ἀγαθῶν
771 1638 946 1736 δωρητικοῶς
969 1638 1133 1711 ε’πίσταται
1148 1637 1291 1733 Ὄμηρος

134 1757 203 1836 τοῶς
220 1757 310 1846 θεαῖς,
329 1760 423 1854 λέγων
439 1765 515 1850 (Οά.
531 1767 561 1844 8,
574 1786 615 1852 32
617 1764 653 1855 5)
673 1767 693 1800 “
704 1755 760 1830 θεοῖ
779 1757 906 1853 δωτῆρες
923 1755 1027 1832 ἓάων.”
1059 1755 1130 1829 ῖδιον
1147 1756 1208 1853 γάρ
1224 1764 1290 1828 θεῶν

135 1875 219 1973 δῶρον
235 1874 268 1947 τδ
286 1874 407 1970 ἀγαθάν.
443 1883 565 1965 ζητοῦσι
583 1875 616 1949 δέ
633 1908 710 1956 τινες
727 1872 785 1946 ἀπδ
803 1875 910 1947 τούτων
924 1885 977 1946 τῶν
992 1876 1073 1960 έπῶν,
1087 1884 1149 1952 πῶς
1167 1874 1290 1947 ένταῶθα

134 1993 189 2086 μὲν
207 1994 221 2064 5
239 1994 365 2081 ποιητής
382 2005 478 2085 φησιν
496 1994 530 2065 ε’κ
547 2001 613 2066 θεῶν
631 1988 703 2064 εῖναι
728 1991 769 2064 τῶι
792 1991 872 2063 κακδι
889 1999 952 2072 τοῖς
972 1989 1138 2090 ἀνθρῶποις,
1156 1993 1186 2065 ἔν
1204 1993 1235 2065 δὲ
1252 1998 1291 2092 τῇ
1304 2012 1334 2072 15

134 2119 163 2179 A
181 2118 236 2198 τῆς
253 2107 440 2191 Ὀδυσσείας
461 2106 512 2180 καῖ
538 2109 647 2189 αύτούς
667 2121 763 2202 φησιν
787 2109 974 2180 ε’πισπῶσθαι
993 2109 1034 2180 τά
1056 2110 1137 2181 κακῶν
1154 2110 1224 2190 τοὺς
1242 2112 1289 2181 ἀν·

136 2226 272 2319 θρῶπονς·
300 2227 360 2298 “οῖ
381 2228 412 2299 δὲ
438 2219 491 2298 καῖ
516 2224 602 2298 αύτοῖ
629 2235 746 2327 σφῇσιν
765 2226 987 2328 ἀτασθαλίῃσιν
1006 2227 1076 2321 ὑπὲρ
1096 2226 1186 2323 μύρον
1202 2225 1288 2324 άλγε’
1346 2254 1351 2264 “

136 2343 280 2436 έχονσιν”
299 2342 389 2437 (34)..
421 2344 522 2446 ῥητέον
540 2339 586 2416 νῶν
605 2343 649 2415 ῖτι
677 2343 799 2416 ε’νταῶθα
817 2344 987 2442 Ἀχιλλεύς
1007 2345 1090 2417 ἔστιν
1107 2349 1122 2417 5
1144 2356 1240 2442 λέγων
1257 2346 1289 2418 ἔκ

136 2469 203 2533 θεῶν
220 2457 292 2533 εῖναι
311 2460 352 2532 τδι
375 2461 466 2545 κακῶ,
484 2460 591 2556 ἀγνοῶν
608 2462 661 2546 την
684 2462 851 2549 ἀλήθειαν·’
866 2463 894 2534 έν
911 2463 942 2535 δὲ
959 2471 998 2563 τῇ
1014 2461 1184 2559 Ὀδυσσείᾳ
1204 2463 1288 2546 Ζεῶς,

582 2578 591 2606 Ι
677 2579 687 2605 λ
738 2579 745 2604 2

136 2579 174 2658 ῶς
197 2587 302 2671 σαφῶς
328 2578 535 2671 ἐπιστάμενος,
554 2595 638 2674 λεγει
657 2610 710 2666 την
727 2582 877 2668 αλήθειαν.
912 2580 1017 2653 λύεται
1044 2575 1091 2652 σῶν
1107 2581 1142 2652 τῶ
1168 2582 1288 2675 ζήτημα
1302 2604 1332 2646 πο

136 2694 291 2794 προσώπῳ.

293 2810 310 2839 ει
377 2809 454 2841 κεν
531 2805 587 2838 ιλ
647 2813 699 2839 ων
764 2823 807 2857 a·
879 2811 1102 2854 *Quen
1145 2817 1163 2846 ν,

186 2821 268 2906 52&
289 2845 333 2884 οτι
354 2845 389 2883 το
414 2844 497 2884 εαων
520 2844 586 2883 αντι
611 2819 794 2908 τοναγαθονν
837 2845 888 2884 και
906 2846 940 2886 το
992 2846 1053 2895 νιος
1071 2848 1137 2904 εηος
1183 2817 1239 2914 (ll.
1262 2842 1288 2903 1,

138 2929 216 3028 393)
238 2931 358 3025 ἀγαθοῖν.
393 2929 442 3001 διδι
468 2930 499 3003 δὲ
524 2929 645 3026 ἀγνοιαν
662 2933 676 3000 5
695 2926 856 3017 Ζηνοδοτος
875 2933 988 3025 γράφει
1012 2934 1092 3004 έοῖο.
1125 2931 1176 3004 καῖ
1194 2931 1239 3006 ῶτι
1257 2932 1289 3004 τδ

139 3046 154 3075 ΡΙ
257 3047 265 3072 ἳ
291 3046 300 3069 λ
342 3047 352 3073 Ι
412 3045 428 3077 ΙΙ
505 3048 515 3074 λ
578 3055 592 3072 u
647 3045 655 3070 Ι
822 3045 832 3072 Ι
1008 3047 1017 3070 Ι
1100 3044 1117 3069 U
1200 3052 1210 3078 x
1268 3047 1277 3073 Ι

137 3080 235 3146 ετερος
252 3081 299 3118 ετι
317 3048 375 3119 δνα
410 3080 463 3128 εως
486 3047 517 3119 δε
541 3079 593 3120 τον
620 3047 746 3119 διδωσι
771 3053 932 3133 βούλονται
960 3059 1080 3136 στιζειν,
1100 3082 1146 3121 ινα
1172 3084 1217 3144 μη
1243 3050 1290 3122 δνο

136 3163 213 3236 πιθα
240 3158 294 3235 ῶσι
321 3173 416 3235 κακῶν
438 3161 488 3235 καῖ
514 3161 554 3244 εἷς
579 3165 707 3259 ἀγαθῶν,
727 3159 827 3262 ῶσπερ
851 3162 902 3236 καῖ
920 3167 934 3235 5
951 3163 1101 3260 Πίνδαρος
1128 3167 1289 3252 ἐξεδέξατο·
1304 3186 1334 3248 ν5

138 3279 218 3371 φησῖ
243 3290 313 3376 γοῶν
339 3279 405 3354 ““ἒν
425 3286 494 3375 παρ’
516 3280 605 3353 ε’σλδν
630 3283 760 3373 πήματα
786 3280 888 3354 σύνδυο
916 3280 1045 3354 δαίονται
1071 3290 1196 3380 βροτοῖς
1221 3285 1291 3355 ἀθά-

233 3397 494 3424 Ηῖκκλ

138 3430 228 3472 νατοι.
291 3431 380 3494 εχρην
406 3400 436 3471 δε
463 3431 496 3470 το
523 3399 760 3498 ε’πιμεριζάμενον
783 3402 828 3493 μὴ
853 3397 944 3481 οῶτως
972 3399 1171 3497 ἐπενεχθῆναι,
1198 3412 1292 3474 κακῶν

139 3517 238 3616 έτερος
254 3517 286 3588 δὲ
303 3518 384 3603 ἑάων,
402 3517 473 3586 ἀλλ’
494 3518 507 3587 5
524 3518 580 3610 μὲν
598 3517 697 3613 έτερος
715 3527 819 3600 κακῶν,
838 3519 852 3589 5
869 3517 901 3590 δὲ
918 3517 1017 3614 έτερος
1033 3518 1156 3612 ἀγαθῶν.

188 3659 264 3727 532.
291 3630 501 3732 βούβρωστις]
523 3632 628 3731 κνρίῶς
650 3635 706 3728 μὲν
723 3637 737 3705 5
753 3633 856 3730 μέγας
879 3631 931 3705 καῖ
953 3633 1090 3732 χαλεπῶς
1113 3635 1217 3728 λιμάς·
1249 3646 1293 3710 νῶν

138 3751 170 3825 δὲ
195 3751 260 3823 ἀντὶ
283 3760 339 3839 τῆς
364 3753 505 3845 μεγάλης
526 3751 610 3831 ἀνίας
628 3749 680 3822 καῖ
698 3749 796 3839 λύπης
813 3762 912 3823 κεῖται
930 3756 949 3840 ἦ
966 3753 1058 3836 λέξις.
1086 3751 1152 3826 ’ένιοι
1171 3755 1203 3828 δὲ
1220 3754 1293 3840 βού-
1306 3763 1337 3822 30

138 3878 272 3966 βρωστιν
288 3865 337 3939 τῶν
355 3862 448 3939 οῖκτον
466 3867 649 3952 ἔξεδέξαντο.,

189 3996 264 4080 536.
283 3984 302 4057 5
305 3993 357 4070 λβ
363 4018 383 4083 ρ
400 3986 520 4057 δύναται
538 3993 577 4086 τῇ
591 3987 745 4081 φρονήσει,
759 3985 823 4082 εῖγε
840 3985 892 4059 καῖ
909 3987 1038 4073 ἀνολβος
1054 3989 1135 4085 παρδι
1149 3997 1293 4072 Στωϊκοῖς

139 4107 153 4176 5
171 4103 361 4184 ἀπαίδευτος.
393 4103 422 4175 οῖ
436 4103 467 4174 δὲ
485 4104 537 4191 την
554 4112 609 4174 τῶν
625 4103 721 4201 ἀγρῶν
737 4113 853 4192 κτῆσιν,
871 4105 953 4203 παρά
970 4105 1026 4186 τάς
1046 4106 1130 4185 ν’λάς.

185 4414 228 4472 15.
252 4397 304 4454 *ἐκ
319 4400 514 4458 θεῶν-αὐτούς
528 4394 622 4480 φησιν]
635 4420 690 4460 om.
734 4402 894 4462 aberrante.

139 4479 257 4538 librario
271 4499 288 4538 a
301 4480 398 4556 priore
419 4482 501 4554 φησίν
515 4483 552 4540 ad
569 4482 692 4542 alterum
778 4503 824 4557 32.
848 4491 864 4524 *
874 4489 943 4560 παρὰ
957 4480 1088 4566 Στωϊκοῖς]
1105 4506 1162 4547 om.
