2954 4936
512 207 683 269 1A1AA02
712 209 749 268 0.
782 205 868 287 (νο)
1080 202 1085 214 “
1220 202 1262 266 83

108 365 169 451 φοῧ
195 359 350 457 Πριάμου,
377 356 528 456 ὁμύννμος
553 369 595 460 τῷ
621 361 649 434 ἓν
665 369 704 461 τῇ
725 370 754 432 Λ
775 360 869 459 (302)
888 359 1005 434 Δάλοπι
1029 355 1113 432 “καί
1134 354 1262 433 Δάλοπα

108 473 269 564 Κλυτίδην
286 473 337 547 καὶ
353 475 545 569 Ὀφέλτιον.”

159 613 236 684 530.
270 591 429 692 γυάλοισι]
456 594 500 666 άτι
529 594 570 665 τά
599 594 673 684 κύτη
701 589 754 670 καί
783 594 823 668 πδι
851 592 1028 690 κοιλύματα
1054 601 1107 668 τοῦ
1136 591 1261 691 θάρακος

107 707 224 804 γύαλα,
245 710 302 807 ούχ
318 710 476 808 άρισμένος
494 710 595 793 τάπος.

159 847 234 919 531.
262 825 404 923 *ήγαγεν
423 828 454 912 ἔξ
470 826 624 927 Ἐφύρης]
640 828 669 901 έν
685 827 771 928 άλλρ
793 828 942 924 ήγάγετ’
961 828 998 913 ἔξ
1019 828 1186 925 Ἐφύρης.
1274 838 1292 900 5

159 941 205 1015 άτι
240 952 295 1032 τής
325 951 564 1042 Θεσπρωτιακής
592 944 733 1042 Ἐφύρας
761 945 856 1041 λέγει,
886 946 938 1017 ούκ
966 944 1000 1016 ε’κ
1029 954 1084 1033 τής
1111 943 1259 1040 Κορίνθου.

107 1059 198 1148 δήλου
214 1060 246 1133 δὲ
263 1060 298 1133 ἔκ
314 1070 365 1134 τοῦ
384 1062 579 1151 Σελλήεντος,
597 1060 654 1156 ἀφ’
672 1059 705 1135 ού
723 1060 774 1136 καὶ
791 1060 904 1134 Σελλοὶ
922 1062 951 1134 οἷ
966 1061 1116 1158 περίοικοι.
1146 1058 1197 1134 καί
1211 1056 1258 1133 ’ίτι

108 1175 156 1248 ἔπ’
174 1175 281 1250 Ἀσίου
298 1177 397 1278 έτεράς
415 1179 482 1251 ε’στι
500 1179 650 1268 Σελλήεις
666 1176 806 1274 ποταμάς
825 1184 879 1268 (Il.
898 1177 1035 1275 2‚839).

158 1303 236 1388 536.
261 1293 438 1394 κύμβαχον]
466 1292 500 1367 τδ
531 1296 657 1368 διάκενον
685 1293 720 1368 τδ
756 1296 828 1393 ὑπὲρ
856 1306 912 1386 τής
945 1306 1086 1394 κορυφής,
1118 1290 1182 1367 ίθευ
1207 1290 1259 1366 καὶ

106 1418 270 1497 κυβιστᾶν.
301 1411 493 1509 ἕπεξηγεῖται
520 1412 552 1485 δὲ
576 1411 626 1485 διά
652 1421 708 1501 τής
733 1415 801 1502 έξής
826 1413 934 1498 λέξεως
960 1415 994 1485 πθ
1021 1411 1118 1508 θυομο,
1137 1411 1186 1483 διδ
1208 1419 1259 1484 τού
1275 1431 1312 1473 10

105 1527 280 1627 οἷκράτατου.

158 1652 236 1738 538.
253 1647 311 1718 νέον
324 1644 433 1738 φοίνικι
447 1644 583 1744 φαεινάς]
597 1641 645 1718 ’ίτι
663 1642 698 1718 τδ
717 1643 931 1741 σημαινάμενάν
944 1645 1012 1718 ἔστι
1030 1641 1135 1718 νεωστὶ
1151 1658 1260 1738 πεφοι-

107 1762 256 1859 νιγμένος,
274 1761 350 1834 άνθει
368 1759 474 1835 νεωστί
491 1763 699 1860 κεχρωσμένος
717 1763 760 1844 εἷς
779 1761 990 1858 λαμπράτητα.
1046 1794 1049 1798 ·

159 1901 235 1970 540.
264 1877 380 1968 *ήλθεν
395 1878 547 1978 άμύντωρ]
563 1911 609 1976 γρ.
629 1879 658 1951 έν
676 1879 762 1978 άλλη
779 1878 858 1968 ἦλθ’
879 1879 1097 1978 ε’παμύντοιρ.

158 2019 231 2089 54ῐ.
260 1995 322 2068 *τδ
339 1994 450 2068 λαθούν
467 1999 552 2093 τάχα
568 1991 604 2067 άν
621 1996 736 2069 δύναιτο
753 1994 806 2070 καί
822 2007 885 2078 τοῖς
903 1999 971 2086 έξής
989 1999 1216 2070 συντάττεσθαι.
1275 2015 1311 2076 15

159 2137 234 2206 544
262 2111 434 2212 εἐισάσθην]
461 2113 506 2186 θτι
532 2113 709 2208 άμφίβολύυ
738 2113 804 2186 ἔστι
836 2101 963 2212 πάτερουΙ
982 2111 1172 2213 ε’φιύρμησαν,
1200 2109 1258 2186 άπδ

109 2237 163 2302 τοῦ
189 2231 271 2316 ι’έναι,
289 2229 308 2320 ή
326 2229 485 2320 ἐεισάσθην
511 2229 619 2317 ἐ’δοξαν,
637 2229 811 2329 φαντασίαν
837 2231 948 2318 ἔλαβον
974 2239 1025 2304 τού
1051 2240 1184 2320 συλήσαι
1210 2227 1260 2302 τδν

107 2346 214 2444 νεκράν.

160 2488 236 2560 545.
263 2463 489 2563 κασιγνήτοισι]
510 2461 558 2537 ’ὅτι
585 2465 761 2562 κασίγνητοι
780 2464 935 2563 κοινύτερον
951 2465 979 2539 οἱ
1001 2474 1167 2562 συγγενεῖς.
1203 2498 1260 2554 ση-

108 2591 261 2677 μειούντοιι
285 2588 345 2682 γάρ
365 2615 443 2664 τινες
464 2579 512 2654 δτι
530 2581 600 2663 τοὺς
616 2583 754 2671 οἷνεφιοδς
776 2584 976 2680 κασιγνήτους
999 2581 1131 2654 ἐκάλουν·
1167 2581 1258 2680 ὁγὰρ
1273 2610 1312 2649 20

110 2702 312 2780 Μελάνιππος
337 2698 456 2789 άνεψιδς
473 2697 507 2788 ήν
515 2696 675 2798 Ἕκτορος.
710 2698 824 2789 ἀνεψιοί
847 2701 879 2773 δέ
904 2701 979 2773 εἶσιν
1000 2699 1028 2772 οἶ
1051 2708 1107 2772 τῶν
1122 2699 1259 2792 ἀδελφῶν

106 2816 225 2903 παῖδες,
242 2815 342 2916 ύσπερ
358 2816 440 2898 Αίοις
456 2815 508 2889 καί
528 2816 706 2914 Ἀχιλλεύς,
726 2821 741 2890 θ
757 2815 813 2912 μέν
830 2826 1018 2912 Τελαμῶνος,
1038 2820 1052 2889 o‘
1070 2816 1101 2888 δὲ
1117 2816 1256 2905 Πηλέως.

157 2943 230 3026 548.
257 2933 286 3006 ἓν
308 2933 471 3034 Περκύτη]
492 2932 603 3028 ,ὅμοίως
628 2942 669 3033 τῷ
692 2934 720 3007 έν
742 2933 867 3034 Οίυάυη.
897 2934 951 3023 τήν
975 2935 1005 3007 δὲ
1032 2932 1104 3007 άπά
1124 2932 1259 3029 πρύθεσιν

107 3051 160 3123 ούκ
176 3051 402 3147 οἷναστρεπτέον·
438 3049 510 3150 πρδς
526 3050 586 3146 γάρ
603 3051 656 3140 τήν
674 3049 796 3124 ἔίντοιν
815 3052 948 3149 μετοχὴν
966 3052 1177 3124 συντέτακται.

157 3192 177 3261 5
179 3191 233 3260 54.
261 3166 420 3269 *άυεψιοῢ]
439 3170 492 3258 τήν
508 3167 547 3258 φῖ
565 3169 727 3256 συλλαβήν
744 3153 885 3242 ἔκτατέον
900 3168 948 3241 διδι
964 3167 998 3241 τδ
1014 3169 1131 3264 μέτρον.
1272 3194 1309 3255 25

158 3308 233 3378 555.
260 3284 521 3376 θἈσκαλυνίτης
547 3286 598 3359 ούκ
622 3285 807 3383 ἀναστρέφει
833 3287 886 3376 τήν
910 3285 1005 3381 περί·
1042 3279 1115 3359 εἶναι
1137 3286 1198 3382 γδιρ
1223 3283 1280 3379 τδ-

107 3403 178 3491 έξής
199 3402 378 3501 περιέπουσι.
413 3403 497 3499 κάγδ
518 3403 549 3476 δὲ
573 3402 654 3501 αύτῷ
679 3403 954 3498 συγκατατίθεμαι,
973 3400 1037 3476 ε’πεί
1055 3400 1108 3475 καί
1125 3400 1159 3475 τδ
1175 3407 1258 3502 ῥήμα

106 3526 193 3591 τούτο
211 3517 244 3591 τδ
264 3518 322 3592 έπον
339 3520 421 3617 παρά
437 3527 479 3619 τῷ
501 3527 610 3622 ποιητῇ
634 3519 662 3591 ἔν
681 3530 744 3601 τοῖς
762 3520 958 3619 ε’νεργητικοῒς
976 3522 1137 3616 κινήμασιν
1154 3521 1192 3600 ὥς
1208 3519 1258 3592 ε’πὶ

107 3634 143 3708 τδ
158 3646 302 3710 πλεῖστον
319 3639 396 3711 θέλει
415 3636 496 3734 έχειν
510 3636 647 3733 προθεσιν
665 3639 914 3734 συντεταγμένην.

159 3763 234 3848 558.
262 3753 336 3827 *θτι
354 3763 486 3845 θηλυκῶς
502 3756 556 3844 τήν
567 3752 667 3827 Ἴλιον.
1271 3788 1309 3845 3ο

156 3880 229 3964 565.
256 3872 411 3965 αἰδομένων
437 3871 460 3944 δ’
487 3866 604 3967 ἀνδρῶν]
629 3868 722 3969 χωρίς
748 3879 800 3944 τοῦ
828 3872 993 3966 συνδέσμου
1019 3869 1151 3970 ’ἔγραφεν
1174 3867 1258 3968 Ἀρί·
1377 3859 1381 3867 ’

108 4020 244 4085 σταρχος
278 3988 473 4084 αἰδομένων
502 3989 639 4084 ἀνδρῶν,
666 3990 784 4069 πάντως
811 3982 857 4058 ἵνα
882 3988 1039 4070 ἀσύνδετος
1064 3985 1218 4083 γενάμενος
1243 3990 1257 4058 o‘

106 4105 198 4201 λύγος
214 4105 303 4178 πλέον
319 4137 354 4178 τε
373 4105 483 4208 διαστῇ
501 4102 552 4177 καὶ
568 4116 687 4200 μᾶλλον
705 4104 833 4203 ἒμφήυη.

157 4220 391 4322 *Ἀρίσταρχος
408 4220 499 4321 χωρίς
516 4229 569 4296 τοῦ
589 4222 630 4309 δέ,
655 4220 744 4293 άλλοι
764 4219 792 4292 δὲ
814 4218 895 4314 μετθι
917 4228 969 4292 τού
995 4221 1037 4313 δέ,
1055 4220 1210 4318 αίδομένονυ
1232 4219 1257 4294 δ’

104 4338 218 4433 ἀνδρῶν.
1270 4370 1308 4431 35

478 4485 505 4540 8.
528 4480 568 4539 ἐπ’
582 4477 686 4560 Ἀσίου]
703 4480 742 4540 ἐπ’
757 4486 804 4538 οσῖ
818 4475 881 4559 (sio)

658 4612 713 4657 02
