2954 4936
198 180 261 241 196
597 191 767 251 1A1AA02
796 192 833 249 ν.
864 188 949 269 (νο)

1119 331 1289 361 η’λ)

198 334 247 405 ῦιῦι
267 333 301 407 τῶ
325 335 379 408 ῦπά
397 338 593 434 Ἀλεξάνδρου
617 347 812 439 προκριθῆναι·
848 336 899 410 καὶ
926 334 1034 434 σχεῶῦν
1050 335 1143 408 εἷπειν
1159 364 1253 420 αυτηυ
1267 329 1349 402 ανθί-

613 454 706 482 λθΙ
811 459 821 484 Ι

200 484 328 524 στανται
347 463 389 551 τῷ
404 456 536 552 πολέμρ·
571 489 621 527 και
640 488 760 537 εικοτως
777 487 906 553 παρεστι
925 452 1033 543 βοηθὸς
1049 462 1112 533 τοῖς
1128 449 1259 548 Τρωσίν.

250 568 299 640 &ab
319 569 355 641 τί
372 572 403 643 δὲ
424 571 504 643 κατά
527 569 576 643 τῶν
592 570 721 665 τάλεμον
738 569 815 644 οῦτοι
840 572 868 644 οἷ
889 568 946 643 θεοῦ
964 570 1157 642 ἐναντιοῦνται
1175 567 1326 654 ἀλλήλοις
1336 594 1349 645 ,·

198 686 353 757 Ποσειδῶν
368 688 424 780 μὲν
440 686 618 774 Ἀπολλωνι,
633 685 681 759 ‘iu
706 687 787 759 κατά
804 686 854 759 τῶν
869 693 958 782 μῦθον
976 681 1178 773 συναῶικηθεῦς
1194 681 1276 780 αὐτῷ
1292 677 1348 751 ῦπῦ

171 875 174 879 ,
198 803 403 896 Λαομεῶοντος
427 804 546 886 ε’κείνοις
573 807 722 902 συνήργει.
742 800 841 900 ’Ἄρης
856 803 977 900 Ἀθηνᾷ,
1001 799 1065 875 ἐπεὶ
1090 800 1237 874 ἔκῶλυσεν
1259 794 1379 871 αῦτῦυῶ

197 913 246 989 τῶν
261 917 466 1013 Ἀσκαλάφου
488 923 608 992 θάνατον
632 921 798 1010 ε’κῶικῆσαι,
816 917 897 1009 ῆῦτι
921 921 950 992 ἔν
970 917 1036 1007 ῦψει
1058 927 1112 990 τῶν
1132 925 1199 990 θεῶν
1222 912 1348 1011 ῦβρισευ

196 1032 285 1106 αῦτῦν
310 1038 436 1108 εἰποῦσα
461 1036 652 1131 “μαινο’μευε
677 1039 787 1132 φρένας
813 1035 901 1126 ήλέ”
927 1039 1163 1133 (Il.15‚128).
1198 1029 1289 1128 Ἥρην
1316 1028 1348 1100 ῶέ

190 1147 351 1248 Ἀρτεμις·
396 1152 462 1225 ἔστι
493 1153 553 1250 γάρ
583 1153 661 1253 αῦτῆ
685 1156 825 1251 μητρυιά.
872 1162 974 1240 Λητοῖ
998 1152 1030 1224 ῶέ
1058 1152 1185 1248 Ἑρμῆς,
1216 1145 1347 1227 δικαίως

193 1267 338 1360 μουσικῶς
353 1269 413 1364 γάρ
432 1269 570 1367 ὑπάρχων
587 1270 639 1358 τῆν
660 1265 709 1341 τῶν
729 1266 873 1362 μουσικῶν
889 1267 1067 1341 Ἀπάλλωνα
1086 1268 1276 1363 γεννήσασαυ
1294 1258 1346 1335 καί

193 1392 249 1454 τῶν
271 1385 511 1479 ἐπιτηδευμάτων
533 1381 687 1474 ἀντίζηλου
709 1385 889 1479 μεμίσηκεν·
923 1385 942 1475 ῆ
966 1385 1002 1466 ῶς
1026 1384 1129 1480 λάγιος
1151 1382 1203 1455 καί
1222 1384 1345 1476 μνήμων
1361 1402 1399 1443 10

193 1501 421 1596 ἀποστρέφεται
439 1502 531 1592 αῦτῆν
548 1504 586 1583 ῶς
611 1505 710 1592 λήθην.
736 1499 922 1592 Ἥφαιστος
944 1503 975 1574 ῶέ
992 1505 1095 1599 Ξάνθῳ
1112 1499 1242 1586 είκάτως,
1261 1497 1344 1588 ῶτιή

192 1617 247 1703 μὲν
264 1627 320 1689 τῶν
335 1629 475 1711 ποταμῶν
487 1620 584 1710 φῦσις
600 1621 732 1712 πέφυκεν
750 1618 1033 1716 ῦγρῦι,Ἥφαιστος
1050 1619 1082 1691 ῶέ
1099 1617 1166 1690 ἔστι
1184 1625 1237 1689 τοῦ
1254 1612 1344 1713 πυρῦς

193 1732 305 1805 ῶεστάτ
386 1733 404 1769 ²⁴
501 1739 511 1763 “
559 1737 567 1759 “
618 1736 628 1763 ’
778 1736 788 1762 “
814 1737 845 1808 δὲ
868 1734 917 1807 τῶν
963 1734 1062 1807 νσικῦν
1082 1731 1121 1806 λ’
1141 1767 1170 1806 ον
1185 1731 1345 1804 Ἀτάλλων

306 1768 352 1822 ης,
371 1768 403 1807 ου
421 1749 518 1833 τροφη
536 1770 576 1808 τα
592 1739 679 1820 ξυλα.
714 1769 795 1808 κατα
933 1749 960 1829 φ
1103 1767 1140 1830 ογ

192 1849 278 1938 ῆλιος
304 1847 340 1923 ῶν
366 1853 496 1924 ἀνατίυει
527 1853 568 1924 τῦ
598 1853 675 1948 ῦγρά
704 1863 854 1947 στοιχεῖα.
892 1855 1001 1941 Ἀθηνᾶ
1029 1853 1061 1924 δέ
1090 1852 1157 1923 ἔστι
1186 1846 1342 1945 φράνησις,

185 1963 284 2061 Ἄρης
304 1968 336 2039 δὲ
353 1968 515 2065 ἀφροσῦνη·
547 1969 663 2040 ἐναντία
685 1969 717 2040 ῦέ
742 1966 794 2040 καί
816 1969 949 2064 πολέμιά
971 1969 1038 2040 ἔστι
1064 1975 1163 2039 ταῦτα
1188 1967 1342 2055 ἀλλήλων.
1361 1989 1397 2047 15

182 2082 275 2177 Ἥρα
300 2084 332 2157 δέ
358 2086 440 2156 ἔστιν
457 2083 685 2182 ἀῆρ,”Αρτεμις
705 2085 736 2156 δὲ
761 2087 883 2174 σελήνη,
900 2081 1058 2182 ἀεράτεμίς
1077 2117 1126 2165 τις
1149 2080 1240 2168 οῦσα,
1257 2086 1277 2173 ή
1295 2080 1345 2154 τῶν

192 2200 266 2299 ἀέρα
291 2202 442 2294 τέμνουσα
468 2201 500 2285 ἔξ
523 2198 555 2274 οῦ
575 2201 713 2298 ῆρτηται·
748 2201 782 2272 τῦ
802 2203 834 2274 δὲ
853 2211 977 2297 βαρῦνον
994 2202 1086 2290 αῦτῆν
1102 2201 1246 2294 πολέμιον
1266 2199 1344 2272 νευά-

190 2351 286 2412 μνκεν.
320 2318 437 2413 Ἑρμῆς
461 2319 493 2390 ῶέ
515 2318 582 2390 ε’στι
608 2315 707 2412 λάγος,
725 2322 815 2407 Λητῦ
838 2319 862 2390 δ’
883 2320 1088 2413 ἀμνημοσύνη,
1112 2314 1170 2390 οἷον
1192 2315 1271 2406 ληθῶ
1294 2350 1344 2398 τις

191 2444 247 2505 τῶν
273 2433 376 2530 λάγων.
405 2432 592 2525 Ἥφαιστος
617 2435 649 2506 δὲ
673 2432 707 2505 τῦ
728 2441 796 2530 πῦρ,
814 2438 927 2515 Ξάνθος
946 2435 977 2507 δὲ
997 2433 1031 2507 τῶ
1053 2434 1148 2532 ὑγράν·
1184 2434 1344 2532 ἀλλάτριου

190 2551 221 2623 ῦέ
238 2549 272 2623 τῦ
289 2559 346 2648 πῦρ
359 2559 411 2624 τοῦ
428 2551 525 2646 ῦγροῦ.
1360 2560 1400 2600 ²⁰

241 2675 292 2740 68.
312 2662 412 2738 ἵστατ’
430 2666 601 2765 Ἀπολλων]
613 2664 661 2740 ’ῶτι
679 2677 792 2746 πυκνῶς
808 2668 889 2740 κατά
902 2667 951 2740 τῶν
965 2667 1055 2741 τάπον
1071 2665 1144 2765 πρῦς
1156 2666 1191 2740 τῦ
1210 2668 1345 2762 ῶεῦτερνν

190 2780 327 2879 πράτερου
343 2784 519 2871 ἀπήντηκεν·
553 2784 714 2877 ἀρξάμενος
731 2783 791 2878 γάρ
809 2783 860 2874 ἀπ’
879 2783 1040 2880 Ἀχαιικοῦ
1057 2792 1131 2871 θεοῦ,
1149 2781 1200 2856 καὶ
1218 2785 1344 2857 ἀντιτά-

189 2901 244 2982 ξας
261 2900 355 2997 τούτῳ
369 2897 498 2998 Τρωϊκῦυ
515 2898 584 2983 θεῶν,
602 2903 693 2972 πάλιν
709 2897 767 2971 άτῦ
783 2908 914 2995 Τρωϊκοῦ
931 2893 1039 3000 ῆρκτάι
1057 2901 1139 2973 κατά
1155 2903 1190 2974 τῦ
1209 2901 1345 2998 ῶεῦτερον

188 3014 283 3111 ζυγάν.

238 3142 292 3222 69.
319 3132 394 3204 άντα
411 3131 435 3203 δ’
450 3131 632 3231 Ἐνυαλίοιο]
654 3132 686 3218 ἒξ
706 3132 839 3214 ε’ναντίας
862 3134 894 3206 δὲ
918 3143 970 3206 τοῦ
987 3135 1115 3232 Ἄρεως.
1151 3134 1216 3206 ῦῶέ
1233 3133 1344 3228 τρίπος
1359 3141 1399 3202 25

187 3249 368 3343 μετωνυμία,
387 3249 426 3328 ῶς
442 3247 500 3320 ἀπῦ
517 3258 572 3337 τῆς
587 3252 710 3330 Ἐνυοῦς
726 3258 783 3337 τῆς
798 3259 965 3345 πολεμικῆς
983 3251 1129 3343 δαίμονος.

238 3362 290 3455 ὑφ’
316 3361 346 3436 ἓν
371 3361 405 3435 τῦ
433 3365 594 3453 ἀντέστη
620 3367 815 3462 προενεκτέου·
844 3367 946 3468 ῶοτικῆ
972 3367 1031 3465 γάρ
1050 3370 1281 3454 συντάσσεται,
1303 3371 1345 3450 ῶς

188 3489 210 3541 ‘f
220 3488 322 3566 Λητοῖ
343 3479 373 3550 δ’
399 3479 559 3568 ἀντέστη,”
585 3480 620 3553 τῶ
646 3481 677 3553 δὲ
703 3479 789 3570 άντα,
809 3481 878 3580 άπερ
901 3481 984 3554 ε’στῦν
1005 3484 1037 3568 ἔξ
1060 3481 1205 3571 ἐναντίας,
1223 3492 1342 3587 γενικῇ·

188 3593 293 3666 “ἀντα
310 3595 340 3666 δ’
356 3593 552 3680 Ἐνυαλίοιο,”
572 3603 595 3633 “
606 3596 682 3668 άντα
699 3596 723 3668 ῶ
739 3596 785 3693 ἀρ’
801 3595 1020 3690 Ἡφαίστοιο.”
1095 3667 1098 3671 .

150 3779 153 3786 .
210 3782 214 3789 ,
234 3709 485 3808 χρυσηλάκατος]
510 3711 663 3808 ἔργατική·
694 3722 740 3784 νῦν
757 3714 788 3786 δὲ
806 3718 825 3804 ῆ
841 3724 971 3812 χρυσοῦν
987 3713 1073 3800 τάξον
1091 3715 1219 3813 ἔχουσα,
1237 3721 1344 3803 τοξευ-
1358 3745 1399 3803 3ο

184 3829 263 3914 τική.
298 3825 356 3899 άπά
375 3826 479 3899 τοῦτου
496 3828 528 3899 δὲ
546 3826 596 3900 καί
617 3830 808 3920 κελαδεινή
830 3829 897 3904 ἀντὶ
914 3840 966 3904 τοῦ
983 3835 1172 3928 κυνηγετική·
1203 3839 1344 3932 κραυγά-

185 3951 266 4027 ζουσι
283 3942 344 4038 γάρ
357 3944 385 4014 οἷ
400 3943 528 4038 κυνηγοί.

237 4079 286 4145 72.
314 4056 420 4156 σῶκος]
436 4059 598 4156 Τυραννίων
614 4062 695 4145 ἀξιοῒ
711 4062 826 4149 σ’ξῦνειυ,
846 4059 892 4134 ἵνα
909 4064 1055 4164 ἀποφῦγη
1073 4064 1108 4137 τῦ
1125 4066 1222 4164 κάριον
1240 4075 1342 4166 βαρν·

185 4164 296 4258 υάμευον
314 4167 366 4246 “ῶ
380 4173 461 4271 Σῶχ’
477 4175 625 4248 Ἱππάσου
642 4176 708 4249 υίέ”
726 4184 779 4269 (IL
795 4206 846 4266 11,
859 4184 949 4274 450),
964 4180 1065 4278 ῶσπερ
1083 4179 1133 4254 ἐπὶ
1151 4191 1205 4256 τοῦ
1224 4192 1359 4266 Λεῦκος·

227 4355 254 4416 7.
274 4344 385 4432 *οὔτὸυ]
400 4373 456 4413 om.
818 4356 913 4428 *ληθώ
927 4355 978 4437 τις]
992 4361 1103 4431 ληθότητ

228 4425 271 4483 18.
295 4425 358 4514 *δὲ]
374 4453 429 4494 om.
819 4456 866 4496 το.
888 4437 942 4495 *τὸ
955 4435 1020 4521 πῦρ]
1035 4445 1065 4497 τὸ
1080 4461 1136 4502 om.
