2954 4936
247 925 633 1006 GLOssnMATA
685 925 1174 1001 INTERLINEARIA

409 1085 648 1164 OODIOIS
701 1086 922 1160 VENETI
976 1086 1018 1161 A.

180 1344 390 1408 Gnossnnsns
407 1343 618 1407 interlinearis
633 1343 767 1406 dicimus
780 1345 888 1406 breves
900 1325 1121 1406 vocabulorum
1136 1342 1288 1423 interpre-

133 1447 271 1511 tationes
291 1447 475 1532 plerumque
491 1447 622 1509 verbum
638 1447 734 1510 verbo
757 1447 931 1524 reddentes,
946 1447 1050 1510 textui
1066 1445 1289 1529 superscriptas

133 1549 265 1635 ideoque
281 1550 439 1614 lemmatis
450 1555 600 1616 carentes.
648 1549 840 1614 Huiusmodi
855 1550 1079 1634 glossematum
1095 1548 1219 1610 infinita
1233 1569 1289 1630 per
1303 1551 1320 1611 5

134 1651 256 1716 codices
294 1652 480 1716 Homericos
517 1658 550 1716 et
580 1652 774 1735 antiquiores
803 1658 836 1716 et
872 1653 1058 1717 recentiores
1095 1649 1290 1736 Byzantinos

135 1777 243 1840 sparsa
268 1756 357 1839 copia
384 1761 441 1831 est,
469 1777 601 1839 quorum
632 1755 694 1817 alia
724 1778 820 1839 eaque
850 1756 986 1840 plurima
1016 1755 1196 1830 multorum,
1227 1753 1290 1816 alia

135 1879 306 1942 paucorum
333 1858 477 1921 codicum
502 1858 691 1934 communia,
716 1859 778 1922 alia
800 1859 857 1922 uni
879 1859 1031 1944 alterique
1053 1857 1151 1922 codici
1166 1855 1291 1942 propria

135 1966 221 2038 sunt,
248 1962 386 2045 plurima
415 1962 512 2025 etiam
542 1962 576 2026 in
607 1963 761 2046 Hesychii
790 1963 983 2046 aliorumque
1012 1962 1290 2046 grammaticorum

134 2065 298 2149 glossariis
317 2066 526 2148 reperiuntur.
574 2067 724 2150 Amplam
742 2090 849 2131 eorum
865 2067 1079 2131 collectionem
1099 2088 1154 2148 per
1173 2064 1290 2148 viginti
1307 2083 1343 2123 10

136 2174 287 2252 quattuor
304 2169 486 2252 rhapsodias
503 2169 698 2253 aequabilem
714 2171 836 2254 primus
858 2171 957 2234 edidit
972 2169 1114 2234 Lassaris
1129 2169 1163 2232 in
1178 2167 1289 2232 scholi-

136 2294 227 2335 orum
257 2271 394 2336 editione
426 2272 568 2337 Romana
598 2297 625 2336 a.
660 2288 753 2357 1517,
786 2275 826 2338 ab
855 2274 939 2337 Aldo
970 2274 1119 2338 Manutio
1145 2271 1289 2335 Venetiis

135 2376 271 2459 repetita
295 2398 322 2439 a.
352 2391 444 2459 1511,
468 2399 546 2459 quae
572 2376 652 2440 nihil
676 2377 809 2461 impedit
836 2378 1002 2462 quominus
1028 2401 1067 2441 ex
1093 2398 1156 2439 uno
1183 2376 1289 2439 omnia

136 2481 232 2544 ducta
247 2503 311 2544 esse
327 2480 431 2544 codice
443 2481 622 2558 credantur,
634 2482 896 2564 quemadmodum
910 2482 1045 2545 similem
1061 2482 1287 2565 glossematum

135 2586 170 2649 in
197 2583 372 2666 Odysseam
395 2584 462 2647 sine
485 2589 577 2647 textu
600 2585 819 2648 collectionem
846 2608 918 2648 curn
945 2584 1069 2649 scholiis
1091 2583 1225 2647 mixtam
1248 2585 1287 2646 ab
1305 2601 1341 2660 15

136 2687 218 2751 Aldo
233 2686 350 2750 editam
365 2710 393 2751 a.
415 2688 495 2771 1528
516 2711 580 2751 non
603 2711 641 2752 ex
664 2689 807 2772 pluribus
829 2689 996 2765 codicibus,
1013 2689 1066 2752 sed
1088 2712 1126 2753 ex
1148 2711 1211 2751 unc
1234 2711 1287 2750 ex·

136 2812 275 2874 pressam
301 2790 406 2855 codice
432 2812 496 2854 csse
523 2792 704 2875 planissime
730 2794 821 2857 dccet
851 2794 947 2856 codex
974 2793 1163 2856 Bodleiauus
1192 2792 1288 2855 seculi

136 2894 305 2971 undecimi,
322 2894 373 2958 oui
388 2896 473 2958 omni
489 2919 528 2958 ex
543 2902 633 2979 parte
655 2896 817 2961 simillima
832 2903 880 2960 est
895 2897 991 2961 editio
1006 2896 1142 2960 Aldina:
1173 2896 1212 2959 de
1227 2918 1287 2979 quo

138 2997 205 3061 dixi
219 2997 254 3061 in
270 2997 466 3062 Praefatione
490 2999 687 3063 Scholicrum
708 3001 743 3063 in
759 3002 934 3086 Odysseam
951 3001 1011 3066 vol.
1032 3021 1044 3062 1
1067 3024 1096 3084 p.
1114 3000 1202 3064 xviii.
1247 2999 1288 3062 In

138 3101 242 3166 codice
259 3100 369 3164 Iliadis
384 3101 509 3165 Veneto
524 3105 555 3166 A
569 3103 749 3187 fragmenta
766 3110 894 3168 tantum
917 3105 1115 3188 reperiuntur
1130 3103 1288 3187 amplioris
1305 3123 1343 3162 20

138 3204 366 3288 glossematum
389 3203 590 3282 collectionis,
607 3206 695 3270 nullo
715 3212 803 3270 certo
825 3208 961 3272 consilio.
977 3208 1106 3284 delecta,
1123 3209 1176 3271 sed
1197 3209 1289 3271 modo

138 3308 360 3391 frequentiora,
383 3309 477 3371 utin
500 3309 600 3391 primo
622 3309 732 3372 Iliadis
759 3311 839 3374 libro
864 3312 1051 3395 secundique
1077 3318 1165 3394 parte
1188 3310 1290 3393 priore

138 3409 268 3496 aliisque
283 3410 444 3474 nonnullis
459 3412 641 3496 rhapsodiis‚
657 3414 749 3477 modo
765 3415 891 3492 rariora,
905 3437 994 3498 saepe
1006 3438 1078 3479 vero
1094 3438 1150 3497 per
1161 3415 1289 3497 longam

139 3513 284 3578 foliorum
296 3514 406 3578 seriem
419 3520 547 3579 tantum
560 3538 623 3579 non
639 3539 765 3599 prorsus
780 3518 967 3582 deficientia.
993 3508 1080 3582 Quae
1092 3523 1197 3580 autem
1213 3517 1247 3579 111
1258 3519 1289 3579 Α

139 3623 264 3700 recepta
278 3623 354 3681 sunt
371 3618 518 3702 pleraque
533 3619 628 3682 etiam
651 3619 685 3682 in
707 3620 857 3704 ampliore
876 3621 1022 3685 editionis
1045 3621 1204 3683 Romanae
1226 3618 1288 3682 001-
1305 3641 1341 3698 25

138 3720 271 3784 lectione
301 3721 462 3804 leguntur,
493 3721 651 3785 interdum
688 3746 761 3787 cum
797 3725 860 3788 levi
890 3725 1061 3808 scripturae
1095 3723 1287 3786 diversitate.

139 3824 237 3888 Porro
263 3825 438 3889 notandum
464 3827 655 3910 glossemata
680 3830 783 3892 multa
808 3852 888 3913 quae
910 3829 1012 3893 textui
1035 3827 1290 3911 superscribenda

139 3928 265 3993 fuerant
279 3929 330 3992 vel
344 3951 418 3992 casu
428 3929 478 3993 vel
493 3935 620 4012 propter
631 3931 726 4013 spatii
740 3933 922 4014 angustiam
935 3933 967 3995 in
982 3931 1126 4015 margine
1141 3931 1290 3993 interiore

140 4032 257 4116 scripta
286 4055 361 4110 esse,
387 4033 650 4117 quemadmodum
679 4036 819 4098 vicissim
847 4037 1065 4099 annotationes
1095 4034 1220 4097 criticae
1251 4036 1289 4097 de

140 4134 293 4200 Zenodoti
309 4135 486 4200 Aristarchi
507 4136 699 4221 aliorumque
721 4139 1000 4222 grammaticorum
1023 4139 1195 4221 scripturis,
1211 4161 1289 4222 quae
1305 4159 1344 4216 30

140 4239 176 4304 in
205 4240 348 4324 margine
378 4239 526 4303 interiore
559 4242 632 4323 poni
666 4241 830 4318 debebant,
861 4241 1020 4305 interdum
1045 4265 1139 4326 supra
1166 4247 1289 4306 textum
1321 4231 1325 4239 ⁸

141 4342 259 4426 scripta
274 4350 358 4408 sunt.
383 4342 477 4409 Unde
492 4344 530 4408 111
545 4351 582 4409 ut
597 4367 687 4429 saepe
708 4345 861 4408 incertum
879 4344 921 4409 sit
936 4349 1043 4408 utrum
1059 4345 1167 4410 breves
1182 4344 1289 4408 huius-

141 4446 227 4512 modi
245 4449 464 4514 annctationcs
483 4450 684 4534 glossematis
703 4449 955 4513 interlinearibus
977 4450 1041 4513 sint
1060 4448 1292 4513 annumeranda
1352 4528 1354 4532 Ι
