2954 4936
201 195 265 260 148
598 202 770 263 1111101
802 202 837 261 υ.
869 196 953 280 (18)

256 378 306 426 12.
332 349 351 441 ή
376 357 467 446 μάλα
489 354 524 442 δή
551 351 685 451 τέθνηκε]
713 354 855 446 μάλιστα
880 361 922 452 τῇ
951 349 1064 446 διανοίην
1093 349 1281 438 κατείληφεν
1308 345 1353 418 ίτι

201 469 344 556 τέθνηκεν·
373 469 407 542 ἔκ
423 479 474 543 τοῖν
496 470 567 556 βίον
585 470 616 543 δὲ
632 468 667 542 τδ
684 473 774 551 πάθος
793 464 924 542 εῖλκνσε·
951 463 1036 539 δεινοῖ
1061 466 1122 562 γδιρ
1140 462 1188 538 άεῖ
1203 462 1239 537 τδ
1255 471 1354 559 χεῖρον

201 586 327 674 εἰκάζειν
345 588 373 658 οῖ
389 588 576 684 στέργοντες.

256 729 305 794 13.
332 700 521 800 ῖσχέτλιος]
546 704 645 782 τάλας
662 700 681 790 ή
699 701 820 795 τλήμων
838 699 970 772 ἐνταῦθα.

258 845 308 907 14.
330 816 378 906 οῖψ
395 815 444 891 έπῖ
461 827 532 908 νήας
550 816 631 916 ῖμεν]
656 815 747 899 οῖτως
763 818 1002 916 ήἈριστάρχου.
1030 815 1059 887 έν
1072 813 1162 896 ένίαις
1179 813 1211 885 δὲ
1228 811 1386 903 φαάλως5

202 946 286 1024 νῆας
309 933 363 1007 ἔπ’
381 932 432 1024 οῖψ
453 935 556 1008 ι’έναι.

254 1049 487 1150 *Ἀρίσταρχος
508 1049 558 1140 οῖψ
580 1049 637 1124 έπῖ
660 1060 743 1139 νῆας
765 1049 857 1143 ῖμεν.

257 1192 308 1258 17.
335 1167 449 1266 δάκρυα
483 1167 577 1264 θερμά
610 1165 700 1265 χέων]
730 1162 776 1239 ῖνα
805 1165 934 1253 πλησίον
965 1168 1089 1262 γένηται
1127 1175 1184 1253 τῆς
1220 1160 1355 1241 ὑπονοίας

199 1280 380 1378 Ἀχιλλεῖς,
398 1282 449 1356 καῖ
465 1285 510 1376 μή
527 1283 681 1385 περιμείνῃ
699 1285 751 1372 τήν
768 1282 926 1380 άγγελίοον.

255 1409 304 1472 18.
331 1398 352 1472 οῖ
376 1396 443 1496 μοι]
473 1401 573 1486 δεξιῶς
600 1402 677 1472 πάνυ
706 1403 720 1472 ὅ
746 1398 916 1494 Ἀντίλοχος
946 1396 1013 1470 οὔτε
1044 1395 1094 1470 τδν
1123 1397 1354 1484 τελευτήσαντα
1371 1415 1408 1455 10

201 1515 423 1605 κατοικτίζεται
449 1515 516 1589 οὔτε
534 1516 583 1588 τδν
599 1514 762 1614 Ἀχιλλέα,
787 1517 832 1597 εἷς
854 1513 957 1588 έαντδν
981 1515 1013 1587 δὲ
1033 1514 1086 1602 τήν
1107 1511 1268 1611 συμφοράν
1285 1511 1355 1584 ἕπε·

198 1636 309 1728 ’νεγκῖνν
325 1631 437 1721 ηὔξησε
455 1630 489 1706 τδ
505 1635 606 1713 πάθος.

254 1777 306 1826 20.
331 1760 429 1822 κεῖται
456 1744 651 1847 Πάτροκλος]
677 1749 799 1846 προδοὺς
825 1749 893 1846 ῖχνη
915 1759 970 1838 τής
993 1759 1153 1846 συμφοράς
1177 1754 1219 1846 τῷ
1240 1743 1355 1842 δακράρ

202 1864 253 1937 καῖ
276 1873 316 1965 τῇ
340 1867 526 1961 προφωνήσει
549 1864 640 1946 οῖτως
663 1862 712 1939 ε’πῖ
733 1867 785 1955 τήν
811 1866 949 1961 διήγησιν
970 1864 1104 1960 ἐ’ρχεται·
1130 1860 1277 1956 αἰφνίδιον
1292 1861 1354 1958 γάρ

147 2017 149 2022 ·
201 1982 410 2079 προσπεσόντα
427 1984 467 2056 τά
484 1982 562 2055 δεινά
580 1993 644 2064 τοῖς
661 1984 815 2056 άκούονσιυ
832 1979 996 2070 ἐξίστησιν.
1372 2002 1407 2061 15

254 2125 307 2173 21.
334 2099 411 2197 άτδιρ
428 2103 470 2172 τά
485 2132 523 2195 γε
542 2097 642 2196 τείχε’
659 2097 740 2197 έχει]
765 2099 910 2188 δεδήλωκε
928 2099 1010 2192 μετά
1028 2095 1192 2193 συντομίας
1208 2095 1245 2168 τδ
1261 2126 1356 2190 γεγε-

203 2216 320 2306 νημένον
336 2227 474 2313 πρᾶγμα,
493 2215 662 2312 άναγκαίως
679 2216 712 2287 δέ
728 2213 780 2287 καῖ
804 2214 838 2287 τδ
856 2215 982 2310 συμβδιν
1002 2225 1043 2315 τῷ
1059 2213 1133 2311 ήρωῖ
1156 2211 1354 2310 εὖσχημάνως
1458 2292 1461 2295 ,

201 2331 402 2427 ἀπήγγειλεν·
435 2332 467 2404 οὗ
492 2331 550 2430 γδιρ
577 2331 647 2424 έφη,
675 2331 849 2414 σκνλενίσας
876 2334 915 2404 τά
941 2331 1021 2405 άπλα
1047 2331 1125 2430 έχει,
1152 2330 1239 2403 άλλῖι
1268 2328 1356 2426 μάνου

202 2448 359 2543 ἐσήμανεν.

253 2591 303 2640 22.
329 2563 379 2635 τὶν
404 2564 428 2636 δ
445 2565 537 2660 άχεος
563 2568 675 2658 νεφέλη
701 2566 849 2666 έκάλυψε]
876 2569 1010 2639 Πλάτων
1033 2566 1063 2639 ἔν
1079 2565 1171 2664 τρίτιρ
1195 2562 1355 2643 πολιτείας
1372 2601 1409 2640 20

201 2690 368 2778 κατηγορεῖ
379 2689 435 2751 τοῖν
452 2681 634 2776 ὀδυρομένων,
657 2682 751 2776 λέγων
776 2679 846 2777 ὑπὲρ
869 2691 924 2754 τῖνν
945 2680 1104 2755 τεθνεοίτων
1123 2682 1169 2776 μή
1190 2681 1249 2752 δεῖν
1267 2688 1356 2753 τοῖτο

201 2805 293 2868 ποιεῖν
311 2796 349 2876 ὧς
366 2795 453 2868 δεινάν
475 2829 504 2869 τι
529 2795 714 2871 πεπονθάτων.
758 2795 874 2878 Ζωίλος
895 2798 926 2870 δέ
947 2811 1044 2888 φησιν
1060 2797 1167 2870 άτοπον
1183 2805 1230 2869 νῖν
1247 2797 1355 2870 είδέναι

201 2910 251 2983 τδν
267 2911 436 3008 Ἀχιλλέα·
461 2913 620 3007 προειδέναι
638 2945 673 2985 τε
699 2915 758 3011 γάρ
782 2914 871 3010 έχρήν
888 2912 932 2986 θ’τι
954 2911 1040 2986 κοινοῖ
1063 2915 1091 2986 οἱ
1110 2910 1270 3008 πολεμικοῖ
1294 2913 1356 2985 κίν-

201 3029 288 3114 δυνοι,
306 3026 355 3101 τάν
372 3060 406 3100 τε
433 3033 553 3102 θάνατον
576 3029 628 3101 οὒκ
654 3030 743 3128 ε’χρήν
766 3028 853 3101 δεινδν
880 3028 1118 3122 ὑπολαμβάνειν,
1143 3029 1185 3101 τά
1203 3062 1238 3102 τε
1264 3027 1357 3110 οῖτως

202 3145 385 3242 ὖπερπενθεῖν
406 3146 592 3239 γυναικῶδες.
637 3142 725 3226 οῖτως
752 3145 813 3218 οὔτ’
841 3142 877 3218 εῖν
903 3149 1061 3242 βάρβαρος
1092 3148 1179 3234 τιτθή
1207 3136 1355 3235 ἐποίησεν.
1371 3179 1407 3240 ²5

201 3260 299 3333 καίτοι
316 3260 459 3350 Ἑκάβης
476 3259 524 3333 ε’πῖ
542 3270 584 3360 τῷ
607 3261 866 3360 συρμρῖἝκτορος
883 3262 962 3336 οὗδέν
979 3261 1107 3335 τοιοῖτάν
1125 3262 1218 3336 ἔστιν.
1263 3262 1357 3352 Ζηνά-

203 3379 289 3473 δωρος
307 3377 338 3449 δέ
355 3378 550 3472 άπολογεῖται
569 3378 664 3474 λέγων
681 3376 726 3450 θ’τι
745 3378 794 3450 διδι
811 3380 864 3467 τήν
881 3378 1051 3476 ὑπερβολήν
1068 3387 1124 3450 τῶν
1139 3380 1357 3476 πεπραγμένων

203 3501 307 3588 θρηνεῖ.
341 3490 393 3565 καῖ
423 3492 526 3574 άλλως
558 3496 664 3584 συνήθη
690 3503 787 3566 ταῦτα
812 3502 854 3594 τῷ
879 3494 950 3593 βίῳ·
985 3493 1103 3568 “τοῖιτο’
1121 3527 1153 3567 νυ
1180 3493 1232 3568 καῖ
1261 3495 1357 3592 γέρας

203 3605 259 3683 οῖον
285 3610 425 3704 ὀϊζυροῖσι
449 3616 597 3706 βροτοῖσι,
623 3610 783 3705 κείρασθαί
804 3644 838 3684 τε
861 3609 955 3708 κάμην
980 3611 1106 3697 βαλέειν
1130 3609 1159 3684 τ’
1177 3610 1237 3684 άπδ
1264 3613 1358 3710 δάκρυ

139 3758 140 3763 ’
202 3729 351 3825 παρειῶν”
370 3727 495 3819 (Od.4‚
514 3729 597 3820 197).
1370 3773 1410 3832 30

253 3841 365 3921 άλλως.
401 3840 428 3913 εἶ
453 3841 512 3936 γάρ
535 3838 712 3938 Ἀντίλοχον
737 3841 846 3933 ήττονα
871 3842 962 3935 φίλον
989 3846 1228 3939 καταλαμβάνει
1256 3848 1359 3929 πένθος

202 3957 384 4041 ἀκούσαντα,
407 3955 443 4028 τί
463 3956 605 4030 πείσεται
621 3956 814 4055 Ἀχιλλεύς,·
838 3969 942 4052 μεῖζον
959 3959 990 4032 δὲ
1014 3958 1048 4032 πῖ
1073 3964 1166 4043 πάθος
1182 3961 1278 4048 έδειξε
1304 3965 1321 4036 δ
1344 4008 1359 4022 -
1397 4002 1401 4009 ·

200 4075 326 4168 κράσας.

244 4237 272 4296 5.
293 4223 350 4292 ἴμεν
377 4225 446 4293 ἰέναι,
461 4230 495 4282 ut
508 4224 644 4283 1111161111.
839 4242 885 4298 25.
907 4222 992 4307 τιτθή]
1006 4229 1064 4299 τιθι)

244 4307 271 4361 ἐν
284 4303 327 4361 Be
371 4300 448 4385 erus]
464 4304 504 4362 ἔπ’
839 4310 885 4365 28.
907 4304 957 4387 τῷ]
986 4315 1023 4386 τῷ
1051 4333 1088 4371 τε.
1116 4308 1165 4370 Sic
1192 4313 1219 4367 ἐν
1243 4318 1281 4392 τῷ
1305 4315 1359 4393 βίη)

246 4397 272 4458 1·
296 4384 468 4458 Ἀρίσταινον
490 4385 565 4458 (ἄνθ
584 4380 652 4465 AN
667 4384 754 4460 *Ἀνί-
795 4405 824 4464 P·
843 4399 907 4462 154,
924 4407 951 4465 9·

203 4488 316 4539 σταρχοι
330 4467 371 4522 καὶ
382 4466 572 4541 Ἀριστοφάνης
