2954 4936
130 221 196 284 314
546 223 718 284 ικικκον
749 224 785 282 υ.
816 219 880 300 (5)

173 384 249 458 435·
272 369 445 460 μεμακυῖαι]
469 373 637 452 μηκῶμεναι
651 372 700 456 (in
714 368 857 454 margine
872 367 1032 450 interiore)

173 476 250 560 483.
274 472 409 562 εἱαμενῇ]
434 478 544 539 πούδει
562 477 643 560 τόπερ
775 488 848 554 511.
871 469 1071 560 ἀνασχέσθαι]
1088 474 1248 551 ὑπομεῖναι

629 685 664 743 E.
710 681 785 763 (5)

176 802 227 869 23.
251 780 352 871 έρυτο]
373 789 517 866 ψιλοῢται

175 904 226 964 24.
250 882 450 975 ἀκαχήμενος]
468 887 609 950 Αίολικόν

174 1008 226 1072 29.
248 987 355 1078 πᾶσιν]
380 990 443 1054 ἀντὶ
458 994 510 1052 τοῦ
525 988 645 1053 πόντων
712 986 720 1003 ’

174 1096 226 1158 60.
248 1089 446 1181 Ἁρμονίδεω]
469 1094 563 1171 ὄνομα

179 1216 250 1282 133.
272 1197 291 1275 ἡ
308 1199 364 1276 μὲν
379 1196 425 1276 ἄρ’
441 1197 480 1262 ῶς
500 1193 628 1284 είποΰό]
652 1197 691 1262 ῶς
709 1196 767 1275 ἀρα
782 1193 949 1276 φευνήσασ’
961 1195 1062 1278 (varia
1074 1193 1185 1276 lectio)

178 1300 250 1366 162.
275 1296 409 1387 πόρτιος]
432 1298 500 1365 νέος
515 1298 533 1378 ἢ
550 1301 663 1365 τελείας
795 1299 868 1379 187.
892 1295 1067 1386 κιχήμενον]
1093 1300 1236 1384 έπιτυχόν

177 1421 248 1484 199.
272 1399 467 1490 ἐμβεβαῶτα]
493 1403 692 1483 ἐμβεβηκότα,
709 1402 801 1468 ούτως
815 1401 1011 1484 Ἀρίσταρχος

175 1517 249 1590 203.
274 1502 450 1594 εἰλομένων]
470 1505 732 1586 συστρεφομένων,
745 1506 956 1583 πολεμούντων

176 1620 250 1688 205.
273 1604 412 1695 πίσυνος]
439 1608 654 1684 πεπιστευκὼς,
669 1606 851 1689 τεθαρρηκός

176 1710 250 1776 208.
274 1708 401 1799 ἔσσευα]
425 1713 527 1792 ῥυῆναι
545 1711 672 1790 ἐποίησα
802 1727 874 1791 209.
898 1705 1028 1797 ἀγκύλα]
1054 1710 1204 1790 ε’πικσμπῆ

176 1831 250 1879 211.
273 1811 427 1902 Τρῶεσσι]
452 1815 515 1878 ἀντὶ
530 1820 582 1878 ταῶ
598 1819 657 1878 τῶν
669 1813 780 1894 Τρῶων

176 1935 249 1984 212.
274 1915 320 2006 κε]
345 1918 510 1998 σύνδεσμος
940 1960 943 1964 ⁴

175 2039 248 2101 214.
272 2023 428 2101 ἀλλότριος
443 2017 521 2109 φύς]
538 2021 679 2101 πολέμιος
694 2020 767 2102 ἀνήρ
1304 2047 1333 2107 ¹5

177 2125 249 2189 218.
273 2124 312 2205 μή
328 2123 354 2187 δ’
368 2121 474 2212 οθτως]
497 2125 537 2204 μή
553 2127 644 2190 οὕτως
657 2124 730 2204 λέγε

176 2245 250 2309 219.
273 2230 342 2309 πρίν
357 2226 386 2309 γ’
402 2227 450 2291 ἐπὶ
465 2228 506 2291 νδ
520 2225 588 2312 τῶδ’
606 2223 706 2314 ἀνδρί]
730 2227 800 2308 πρὶν
813 2227 888 2306 ἡμᾶς
903 2228 977 2290 κατὰ
991 2231 1078 2290 τοῦδε
1092 2232 1146 2290 τοῦ
1162 2228 1266 2308 ἀνδρός

176 2349 251 2416 223.
274 2327 414 2418 κραιπνὰ]
438 2330 552 2414 ταχέως

176 2453 251 2513 224.
273 2442 313 2520 τῷ
330 2434 377 2498 καὶ
393 2430 459 2521 νῶϊ]
485 2435 530 2497 διδ
546 2434 594 2497 καὶ
609 2434 685 2513 ἡμᾶς
701 2435 741 2500 είς
755 2432 808 2512 τήν
823 2435 914 2498 πόλιν
929 2434 1064 2498 σόσουσι

176 2537 250 2605 226.
275 2534 470 2625 σιγαλόεντα]
495 2539 625 2618 λαμπρὰ,
641 2538 764 2600 ποικίλα
1300 2564 1334 2606 20

176 2660 250 2722 227.
269 2637 424 2728 μάχωμαι]
449 2645 499 2719 τῆς
515 2641 671 2721 φροντίδος
685 2643 737 2719 τῆς
751 2641 817 2720 περὶ
832 2639 936 2707 αύτούς

180 2765 253 2831 233.
278 2741 427 2832 δείσαντε]
452 2741 622 2826 φοβηθέντε
752 2739 933 2830 ματήσετον]
949 2744 1043 2823 μθτην
1058 2766 1086 2807 τι
1101 2743 1236 2826 πράξωσι
1263 2772 1264 2779 “

177 2867 249 2927 240.
274 2844 450 2934 ἐμμεμαῶτ’]
475 2846 710 2926 προθυμούμενοι
841 2843 927 2934 έχον]
948 2847 1080 2924 ήλουνον

178 2965 250 3032 245.
275 2947 453 3038 ἀπέλεθρον]
478 2948 639 3030 ἀμέτρητον

178 3072 251 3135 247.
279 3050 439 3141 ἀμύμονος]
458 3051 662 3135 μεγαλήτορος

177 3176 251 3239 249.
276 3156 325 3239 ἐφ’
341 3154 453 3245 ἵππων]
477 3156 526 3220 έπὶ
540 3157 607 3223 τοὺς
621 3157 727 3223 ἵππους

178 3274 252 3344 252.
276 3263 316 3340 μή
333 3286 361 3324 τι
376 3259 502 3341 φόβονδ’
520 3257 653 3349 ἀγόρευ’]
678 3265 817 3341 μηδαμῶς
831 3261 897 3342 περὶ
912 3265 1008 3343 φυγῆς
1022 3261 1094 3344 λέγε

176 3378 252 3448 253.
277 3360 429 3452 γενναῖον]
453 3366 484 3428 ἐκ
502 3365 606 3446 γένους
621 3365 823 3445 παρεπόμενον

174 3463 385 3554 ἀλυσκάζοντι]
406 3469 547 3550 φεύγοντι
668 3482 743 3550 254.
767 3464 908 3555 ἔμπεδον]
926 3469 1054 3550 ἑδραῖον,
1068 3467 1201 3548 βέβαιον

176 3585 250 3654 257.
275 3568 383 3658 πόλιν]
407 3573 448 3637 είς
463 3571 594 3634 τούπίσω
724 3567 821 3659 αὖτις]
844 3572 937 3636 πόλιν

175 3675 249 3753 258.
271 3676 300 3737 εί
312 3672 339 3755 γ’
353 3674 404 3737 οὖν
420 3671 533 3762 έτερος]
556 3674 621 3737 ἀντὶ
636 3679 688 3737 τοθ
704 3677 730 3739 εί
744 3675 784 3754 μή
799 3676 857 3756 ἀρα
871 3677 887 3739 ὁ
903 3676 945 3740 εἷς

175 3777 249 3855 264.
273 3773 350 3864 μετ’]
372 3777 435 3840 ἀντὶ
450 3780 502 3839 τοῦ
517 3779 589 3858 πρός

175 3879 248 3960 267.
271 3882 320 3943 ὑπ’
335 3880 378 3958 ἠῶ
392 3883 417 3941 τ’
435 3879 537 3959 ήέλιόυ
551 3876 598 3967 τε]
622 3881 679 3943 ύπδ
694 3879 728 3942 τδ
743 3887 807 3962 φῶς
821 3883 875 3944 ταῶ
891 3882 1004 3960 κόσμου
1018 3882 1123 3946 τούτου

176 3998 251 4064 270.
274 3981 417 4070 γενέθλη]
439 3983 527 4063 γέννα
658 3998 734 4065 271.
758 3981 911 4072 ἀτίταλλ’]
928 3983 1092 4066 ἀνέτρεφεν

175 4101 249 4168 272.
272 4084 423 4174 μήστωρε]
444 4087 511 4153 τοὺς
526 4086 627 4169 φυγὴν
644 4088 837 4166 ἐμποιοῦντας
852 4095 914 4152 τοῖς
931 4090 1086 4168 πολεμίοις
1300 4119 1333 4182 35

178 4191 250 4270 278.
276 4187 310 4277 ἦ]
333 4191 397 4253 ἀντὶ
413 4196 465 4254 τοῦ
481 4190 508 4255 ἆ
641 4193 715 4256 280.
739 4189 946 4281 δολιχόσκιον]
966 4191 1001 4255 τὸ
1017 4193 1256 4274 μοκροπόρευτον

177 4294 249 4356 281.
274 4290 393 4382 διαπρὸ]
418 4293 454 4357 δι’
467 4295 539 4358 όλου

177 4394 250 4460 282.
273 4395 420 4487 πταμένη]
445 4400 604 4462 διελθοῦσα
736 4395 889 4486 πελάσθη]
912 4398 1125 4482 προσήγγεσεν

177 4496 249 4580 284.
272 4498 405 4579 βέβληαι
421 4497 564 4588 κενεῶνα]
587 4499 729 4580 τέτρωσοι
744 4508 894 4570 παντελῶς
910 4505 984 4566 κατὰ
998 4503 1054 4582 τὴν
1067 4504 1184 4586 λαγόνα
