2954 4936
606 221 839 285 1111111111.
1234 222 1299 284 aaa
1408 174 1409 178 ¹

147 375 283 439 mediam
297 376 427 459 longam
438 397 503 439 esse
518 379 669 458 oporteat,
682 381 739 439 aut
754 378 871 455 δκληεῖς
886 381 943 440 aut
957 378 1085 443 ἆκλειείς
1098 359 1296 439 scribendum

149 501 214 541 esse
229 484 317 560 patet
326 505 334 548 ;
358 480 471 562 dequo
488 478 637 543 dixerunt
652 479 828 543 Loheckius
844 479 967 544 Pathol.
983 480 1046 544 vol.
1062 499 1081 547 2
1097 502 1127 562 p.
1143 496 1185 564 53
1202 486 1235 544 ct
1250 479 1298 542 La

151 583 256 646 Roche
273 582 474 665 (Homerirchc
493 583 765 664 ίίνιίονενοίιααρσο)
780 605 810 667 p.
830 599 900 667 155,
923 584 993 668 156.

549 1055 552 1061 ¹
638 1068 740 1132 VOL.
764 1067 811 1131 II.

190 1307 269 1390 Pag.
285 1325 314 1372 2.
332 1309 362 1370 6.
387 1308 427 1370 In
442 1312 551 1372 annot.
567 1329 623 1391 pro
640 1316 659 1344 “
672 1307 728 1371 lin.
746 1321 786 1389 27
799 1307 814 1333 '⁵
831 1307 953 1392 corrige
970 1316 988 1344 “
998 1307 1055 1372 lin.
1072 1307 1145 1372 263⁹

192 1428 220 1491 3.
240 1411 290 1474 26.
314 1409 488 1500 δρέποντας]
516 1411 557 1473 In
580 1409 744 1493 πρέποντας
767 1412 800 1490 (i.
811 1433 837 1475 e.
861 1413 1032 1494 τρέποντας)
1055 1418 1238 1497 corruptum
1260 1413 1294 1502 in

146 1516 270 1579 Veneto
285 1516 324 1580 B.

190 1621 219 1682 8.
239 1639 288 1685 12.
312 1617 440 1707 Κάστος]
457 1620 499 1682 In
514 1619 672 1684 codicibus
683 1612 742 1684 hoo
757 1640 872 1683 nomen
887 1620 981 1684 modo
996 1619 1042 1684 sic
1056 1621 1148 1684 modo
1161 1621 1295 1687 Κάσσιος

143 1723 306 1805 scriptum.

188 1827 285 1890 8.18.
310 1829 343 1890 ἐν
365 1824 576 1914 δισυλλάβοις]
595 1829 627 1892 ἐν
647 1831 708 1892 τοῖς
729 1824 971 1905 μονασολλάβοις
994 1826 1170 1890 Lobeolrius
1193 1826 1294 1892 Paral.
1410 1830 1420 1919 ¹,

144 1953 174 2012 p.
195 1949 266 1995 121.
311 1929 353 1992 In
367 1930 499 2014 vulgata
514 1929 670 2013 scriptura
691 1928 848 1994 consentit
867 1928 965 1992 codex
986 1929 1086 1992 Paris.
1103 1930 1186 2012 2766
1210 1931 1294 2014 apud

144 2032 284 2096 Cramer.
310 2034 430 2098 Aneod.
461 2033 559 2097 Paris.
582 2032 643 2097 vol.
667 2052 686 2118 3
709 2056 742 2116 p.
767 2033 840 2116 285,
864 2033 919 2095 uhi
941 2032 1041 2113 Χάρης
1063 2033 1213 2116 scriptum
1237 2055 1293 2116 pro

143 2143 258 2216 Χαῖρις.

187 2262 216 2323 9.
233 2260 284 2326 31.
308 2241 349 2303 In
364 2240 426 2304 fine
441 2239 654 2304 annotationis
676 2238 761 2315 adde,
779 2245 812 2303 et
827 2239 925 2303 Paris.
943 2239 1029 2320 2766
1047 2238 1131 2323 apud
1154 2240 1291 2307 Cramer.

143 2343 260 2406 Aneod.
277 2343 373 2407 Paris.
390 2366 422 2427 p.
439 2345 479 2410 28
481 2359 510 2429 5,
529 2356 580 2424 25.
602 2423 606 2439 ι

188 2465 236 2510 10.
253 2467 283 2531 3.
309 2447 349 2510 In
364 2451 470 2510 annot.
487 2468 543 2530 pro
558 2467 622 2532 403
639 2446 660 2508 h
676 2446 797 2530 corrige
812 2467 897 2532 4303
913 2446 945 2509 h.

188 2570 237 2634 13.
266 2569 317 2614 21.
341 2551 403 2635 238
428 2548 505 2633 *γρ
530 2546 761 2637 ἐπισταίμεσθα]
787 2549 858 2613 Ηοο
880 2550 1066 2613 delendum:
1100 2572 1131 2614 v.
1154 2550 1290 2614 Praefat.

139 2652 200 2715 vol.
221 2673 234 2715 1
254 2676 284 2735 p.
300 2675 330 2716 x.

188 2777 235 2840 15.
256 2777 283 2819 1.
307 2753 429 2845 βλείης]
455 2756 585 2840 Corrige
602 2760 709 2844 βλείῃς
730 2779 803 2821 cum
826 2757 944 2821 Coheto
968 2758 1091 2820 Mnem.
1107 2777 1206 2821 novae
1222 2777 1241 2842 3
1258 2778 1289 2840 p.

141 2862 192 2940 76,
208 2882 301 2943 quem
317 2883 347 2924 v.
364 2860 488 2924 ibidem'
496 2883 527 2944 p.
546 2861 618 2944 263.

184 2982 234 3029 2ο.
254 2984 303 3026 11.
331 2964 372 3026 In
386 2964 591 3028 annotatione
606 2962 724 3028 excidit
739 2964 855 3028 lemma
868 2968 1128 3044 βιοθανατοῦντας.
1196 2943 1208 2976 ’

183 3089 234 3154 34.
252 3089 302 3154 29.
329 3068 369 3130 In
385 3072 491 3132 annot.
507 3069 563 3132 col.
585 3088 602 3134 2
619 3067 676 3133 lin.
695 3089 709 3132 1
729 3066 761 3157 ο]
779 3068 911 3154 Corrige
925 3061 951 3134 h.

181 3181 224 3245 ih.
241 3181 296 3244 lin.
320 3201 338 3247 2
354 3179 425 3269 Bh‘]
444 3180 576 3264 Corrige
591 3155 654 3271 Βλῖ,

181 3304 232 3368 34.
249 3305 300 3368 3ο.
324 3285 429 3348 Verba
450 3286 489 3347 ab
511 3285 569 3348 hoc
591 3286 659 3349 loco
674 3284 775 3348 aliena
791 3286 829 3352 ὡς
844 3284 956 3366 ἄνωρον
979 3287 1098 3366 κραδίην
1115 3286 1203 3369 ἔχεις,
1219 3308 1286 3351 cor-

138 3392 230 3470 rupta
251 3409 289 3450 ex
305 3389 342 3452 ὡς
357 3389 446 3452 ἄνοον
462 3388 580 3467 κραδίην
595 3388 671 3472 ἔχες,
691 3388 844 3472 leguntur
858 3387 954 3451 etiam
976 3389 1011 3451 in
1034 3388 1152 3453 scholio
1175 3389 1288 3454 codicis

137 3491 339 3568 Townleiani,
356 3492 410 3554 sed
425 3491 590 3554 emendate
605 3492 731 3576 scripta.

178 3613 230 3679 37.
251 3615 299 3672 14.
323 3591 530 3682 ἀστρατήγως]
549 3595 602 3659 Sic
617 3595 713 3659 etiam
728 3595 762 3658 in
777 3593 903 3658 scholiis
926 3595 1116 3658 minorihus:
1141 3597 1194 3659 sed
1210 3596 1286 3661 scri·

136 3699 273 3760 bendum
288 3697 373 3760 haud
387 3697 480 3762 dubie
496 3701 722 3782 ἀστρατηγήτως
734 3722 806 3764 cum
818 3698 856 3762 L.
867 3698 1033 3762 Dindorfio
1047 3698 1138 3762 Thes.
1151 3700 1212 3766 vol.
1227 3721 1253 3781 1,
1266 3720 1285 3767 2

135 3825 165 3885 p.
185 3802 278 3880 2264.
310 3802 430 3865 Eodem
445 3803 538 3866 modo
552 3803 628 3867 alibi
645 3802 874 3884 ἀξιοστράτηγος
886 3804 1041 3886 scriptum
1056 3825 1112 3885 pro
1128 3801 1285 3886 ἀξιοστρα-

135 3904 268 3986 τήγητος,
286 3903 324 3968 de
339 3928 400 3989 quo
415 3906 535 3969 dictum
552 3907 594 3970 ib.
611 3931 641 3990 p.
662 3923 755 3991 1095.

180 4009 298 4088 38.18.
323 4008 758 4099 Ζηνόδοτος-Ἀριστοφάνει]
788 4010 963 4075 Scholiasta
994 4015 1050 4074 aut
1079 4010 1204 4094 scripsit
1229 4017 1285 4075 aut

135 4113 267 4176 scribere
297 4111 405 4176 debuit
433 4111 863 4200 Ἀριστοφάνης-Ζηνοδότῳ,
920 4113 1038 4177 Nullus
1067 4115 1151 4178 enim
1181 4119 1285 4178 exstat

136 4217 221 4280 locus
248 4239 341 4299 quem
365 4239 383 4279 a
410 4217 567 4280 Zenodoto
597 4216 685 4282 obelo
715 4222 860 4282 notatum
891 4219 1016 4283 eiecerit
1044 4217 1282 4302 Aristophanes,

134 4319 228 4382 multi
243 4343 316 4384 vero
330 4343 407 4403 quos
422 4322 461 4384 ab
477 4321 635 4386 Zenodoto
650 4344 713 4386 non
728 4327 867 4407 receptos
882 4322 969 4387 obelo
987 4324 1144 4388 notaverit
1157 4323 1282 4388 Aristo·

133 4423 261 4506 phanes.

179 4545 229 4611 39.
248 4546 298 4610 29.
326 4527 504 4617 Ζηνόδοτος]
521 4530 612 4594 Adde
628 4556 673 4612 γρ.
