2954 4936
542 234 712 295 1111101
743 233 779 295 Λ.
811 233 896 315 (11)
1229 235 1294 298 σοι
1402 188 1405 193 ’

184 397 258 465 297.
282 382 416 474 ὑπεραέϊ]
432 389 651 470 ὑπερβάλλοντι
665 391 701 477 τῆ
716 389 793 476 πνοῆ

183 488 257 571 298.
281 489 502 581 καθαλλομένη]
520 495 728 561 καταπνέουσα
744 493 800 578 (sic
816 493 863 558 ed.
882 492 1044 556 Romana:
1069 483 1107 556 κά
1121 479 1193 556 πνεά
1208 491 1250 576 Α)

184 589 309 680 ἰοειδέα]
325 593 441 673 μέλανα
458 599 507 660 διδ
520 598 555 660 τὸ
570 598 665 677 βάθος

181 696 257 780 306.
282 698 431 779 ἀργεστάο
447 698 560 789 νότοιο]
577 707 629 766 τοῦ
643 704 822 766 λευκονότου

182 812 257 884 307.
282 803 371 883 τρόφι
392 799 482 890 κῦμα]
501 804 655 887 εὐτραφὲς,
672 805 798 888 εὐπαγές
928 799 1019 890 άχνη]
1038 803 1164 884 ὁάφράς
1308 825 1326 886 5

181 901 257 987 308.
281 904 523 988 πολυπλάγκτοιο
542 906 626 997 ίωῆς]
642 905 875 986 πολυπλανήτον
890 910 980 985 πνοῆς

182 1025 257 1091 313.
279 1006 469 1097 λελάσμεθα]
494 1012 716 1091 ἐπιλελήσμεθα
858 1022 932 1094 317.
955 1005 1096 1096 μίνυνθα]
1121 1007 1164 1073 ἐπ’
1188 1010 1293 1090 ὀλίγον

137 1111 250 1192 χρόνον

180 1211 256 1296 318.
278 1211 363 1301 ῆδος]
380 1215 513 1295 ὠφέλεια
652 1237 726 1303 324.
752 1213 920 1304 κυδοίμεον]
938 1216 1108 1298 ἐθορύβουν,
1124 1213 1293 1295 ἐτάρασσον

180 1316 256 1400 326.
283 1315 507 1407 παλινορμένω]
524 1323 556 1384 ἐκ
570 1325 621 1399 τῆς
637 1325 732 1403 φυγῆς
747 1319 975 1402 ἐπιστραφέντες
1309 1342 1345 1382 1ο

180 1431 256 1503 327.
281 1419 451 1510 ἀσπασίως]
469 1423 604 1503 ἀσμένως
734 1444 808 1510 331.
833 1419 980 1510 στείχειν]
997 1422 1213 1504 παραγίνεσθαι

180 1541 255 1606 332.
281 1527 364 1604 κῆρες
379 1529 435 1606 γάρ
449 1523 538 1614 ἀγον]
556 1528 733 1610 ἰσχυροτέρα
748 1529 805 1609 γάρ
820 1529 838 1606 ῆ
853 1534 941 1608 μοῖρα
955 1529 1006 1604 τῆς
1020 1529 1159 1604 μαντικῆς

180 1643 255 1710 334.
280 1625 425 1715 κεκαδόν]
446 1629 600 1709 στερήσας,
620 1632 751 1712 χωρίσας
767 1629 912 1714 (χορήσας
926 1628 972 1710 Α)

179 1740 254 1812 350.
279 1729 500 1819 τιτυσκόμενος]
522 1734 740 1815 στοχαζόμενος

180 1843 255 1915 351.
280 1830 435 1921 πλάγχθη]
460 1836 646 1916 ἀπεκρούσθη
666 1837 699 1899 τὸ
719 1839 787 1918 δόρυ
919 1848 993 1921 354.
1017 1830 1198 1921 ἀπέλεθρον]
1223 1835 1292 1913 άμέ-
1310 1860 1343 1919 15

136 1955 244 2014 τρητον
461 1957 480 2022 3
483 1955 503 2023 5
506 1955 536 2022 5.
560 1935 683 2028 παχείῃ]
701 1941 813 2025 ἰσχυρῷ

181 2037 255 2123 358.
279 2036 368 2128 τῆλε]
384 2043 535 2122 πόρρωθεν
666 2045 842 2107 καταείσατο
865 2040 967 2131 γαίης]
988 2042 1148 2122 κατεφάνη,
1169 2039 1186 2121 ῆ
1207 2066 1292 2120 κατη-

138 2140 230 2225 νέχθη

181 2258 255 2330 359.
279 2245 429 2335 ἄμπνυτο]
447 2251 693 2331 ἀνεσωφρονίσθη
823 2253 899 2334 362.
924 2245 1008 2335 κύον]
1027 2247 1219 2311 ἀναιδέστατε

180 2349 255 2433 364.
278 2347 404 2439 δοῦπον]
424 2352 479 2431 τὴν
493 2352 592 2436 μάχην
1306 2377 1344 2416 20

179 2453 254 2536 365.
277 2453 296 2533 ῆ
312 2453 366 2531 θήν
381 2450 427 2542 σ’]
445 2455 521 2520 πάνυ
537 2457 571 2536 δή
587 2483 624 2521 σε
712 2456 826 2536 ἐξανύω
841 2453 891 2544 γε]
910 2456 957 2519 ἐπὶ
972 2454 1058 2520 τέλος
1071 2455 1140 2534 ἄξω,
1154 2454 1290 2535 φονεύσω

181 2556 255 2640 367.
279 2555 462 2646 ἐπιείσομαι]
481 2560 676 2641 ἐπελεύσομαι
807 2572 880 2646 370.
903 2554 1065 2646 τιταίνετο]
1083 2558 1192 2623 ἔτεινεν

180 2672 254 2744 374.
279 2659 387 2748 αἴνυτ’]
405 2664 547 2748 ἀφῃρεῖτο
676 2677 750 2749 375.
771 2660 912 2751 βριαρήν]
931 2661 1057 2745 ἰσχυράν

179 2776 253 2848 377.
277 2763 404 2853 ταρσόν]
422 2767 456 2829 τὸ
471 2767 569 2831 πλατὺ
584 2771 637 2830 τοῦ
651 2770 741 2835 ποδός
872 2771 920 2830 διὰ
935 2765 960 2829 δ’
977 2763 1117 2852 ἀμπερές]
1135 2763 1171 2829 δι’
1187 2767 1259 2829 ὅλου

179 2866 254 2952 383.
279 2864 456 2958 πεφρίκασι]
474 2876 641 2952 φοβοῦνται
714 2872 722 2882 ’
771 2866 912 2958 μηκάδες]
928 2871 1083 2950 μηκητικαί
1305 2888 1341 2948 25

179 2970 253 3054 385.
276 2973 383 3050 τοξότα
400 2970 555 3060 λωβητήρ]
580 2976 628 3036 διὰ
650 2976 743 3052 τόξων
765 2976 929 3058 λῳβύμενε
952 2973 999 3037 καὶ
1020 2971 1175 3051 βλάπτων,
1199 2971 1235 3051 ἐξ
1255 2974 1289 3036 οὗ

138 3072 200 3157 (sie
215 3074 262 3138 ed.
279 3074 381 3152 Rom„
398 3077 433 3139 οὖ
447 3077 490 3160 A)
506 3076 587 3140 δειλέ

180 3175 402 3266 παρθενοπῖπα]
419 3179 582 3260 παρθένους
598 3182 750 3263 ἐπιτηρῶν,
767 3184 953 3263 γυναιμανὲς,
970 3177 988 3258 ῆ
1004 3180 1227 3262 γυναικιζόμενε

180 3278 254 3364 388.
278 3279 460 3370 ἐπιγράψας]
478 3283 614 3362 ἐπιξέσας
629 3287 730 3352 ἁπλῶς

180 3401 255 3466 391.
279 3382 395 3473 άλλως]
413 3388 475 3465 είκῆ
492 3388 538 3450 καὶ
553 3388 592 3452 ὡς
607 3388 693 3470 ἔτυχε
825 3383 952 3474 ἐπαύρῃ]
969 3385 1123 3468 ἐφάψηται
1303 3408 1342 3464 3ο

178 3504 253 3570 393.
278 3486 475 3576 ἀμφίδρυφοι]
493 3490 703 3572 ἀμφοτέρωθεν
720 3489 994 3572 κατεσπαραγμέναι
1007 3490 1055 3552 διὰ
1070 3488 1103 3551 τὸ
1119 3488 1227 3556 πένθος

178 3601 252 3673 395.
275 3579 413 3679 πύθεται]
432 3593 557 3672 σήπεται
686 3594 753 3674 περὶ
768 3590 875 3680 πλέες]
893 3593 959 3673 περὶ
975 3591 1064 3655 αὐτὸν
1077 3593 1213 3658 πλείονες

178 3706 252 3776 397.
277 3691 483 3782 καθεζόμενος]
502 3697 566 3759 ἀντὶ
582 3702 634 3760 τοΰ
650 3698 747 3778 κύψας

175 3814 251 3873 400.
275 3794 400 3885 ἤχθετο]
418 3801 555 3878 ἐβαρεῖτο
570 3800 625 3878 τὴν
642 3801 753 3882 ψυχὴν,
771 3801 900 3864 ὠδυνᾶτο

174 3918 250 3978 401.
276 3897 381 3989 οίόθη]
399 3903 531 3981 ἐμονώθη
660 3916 735 3984 405.
760 3901 862 3991 ἀλόω]
882 3907 1006 3984 λειφθῶ,
1023 3906 1163 3984 συσχεθῶ
1301 3917 1340 3977 35

175 4021 249 4085 409.
272 4004 354 4090 μάχῃ
369 4001 427 4092 ένι]
448 4005 513 4068 ἀντὶ
529 4010 581 4068 τοῦ
598 4007 630 4069 ἐν
644 4005 725 4092 μάχῃ
920 4012 921 4016 ’

122 4122 130 4130 ’
176 4107 251 4183 416.
275 4104 388 4195 θήγων]
406 4109 521 4173 ἀκονῶν
616 4110 785 4196 γναμπτῇσι
797 4107 955 4197 γένυσσιν]
973 4107 1148 4189 ἐπικαμπέσι
1164 4108 1287 4189 σιαγόσι

134 4210 276 4292 (σιαγῶσι
291 4210 334 4293 Α)

175 4327 249 4395 417.
272 4315 349 4396 ἀμφὶ
364 4312 616 4403 δέ-άΐσσονται]
634 4314 681 4379 ἐπ’
697 4315 786 4379 αὐτὸν
802 4319 833 4380 δέ
849 4317 961 4397 ὁρμῶσι

174 4416 250 4495 418.
275 4412 371 4505 ἄφαρ]
396 4417 509 4501 ταχέως
654 4437 729 4497 424.
752 4415 933 4506 πρότμησιν]
957 4421 973 4482 ὁ
995 4419 1052 4483 ὑπὸ
1075 4419 1124 4482 τὸν
1147 4415 1287 4500 ὀμφαλὸν
1298 4436 1339 4492 40
1448 4402 1453 4409 ¹

135 4521 226 4586 τόπος
