2954 4936
546 235 717 296 ιΛιΑΔοΣ
747 237 781 296 Β.
812 232 876 315 (ι)

172 383 247 449 600.
269 381 467 473 ποιπνύοντα]
492 387 678 467 ἐνεργοῦντα,
693 389 883 449 διακονοῦντα

170 487 246 572 605.
268 488 406 570 λαμπρὸν
422 487 500 570 φάος
514 485 641 576 ἠελίοιο]
666 491 845 571 περίφρασις

171 594 247 672 607.
269 587 336 679 ἧχι]
362 592 443 669 ἔνθα,
460 593 534 655 ὅπου

170 690 362 781 ἀμφιγυήεις]
377 695 554 777 ἀμφοτέροις
564 701 626 761 τοῖς
637 696 731 776 γυίοις
744 697 839 780 (γύαις
851 697 902 778 Α),
915 697 932 757 ὅ
943 696 1008 758 ἐστι
1019 697 1080 759 τοῖς
1091 691 1171 767 ποσὶ,
1184 691 1284 773 χωλός

171 797 246 861 608.
272 794 396 886 ἰδυίῃσι]
421 799 570 878 ἐμπείροις
699 795 898 886 πραπίδεσσι]
923 797 1023 880 φρεσὶ,
1039 795 1181 860 διανοίαις
1318 804 1336 864 5

637 983 671 1040 Β.
717 977 781 1060 (2)

171 1125 204 1186 4.
227 1102 354 1193 πολέας]
379 1107 417 1172 ὡς
433 1106 542 1188 ταχέας
678 1126 725 1170 10.
750 1100 912 1192 ἐπιτέλλω]
937 1103 1120 1185 προστάσσω

177 1224 228 1292 15.
252 1206 397 1297 ἐφῆπται]
423 1209 622 1291 ἐπικρέμαται,
639 1207 718 1275 τοῦτ’
735 1209 819 1272 ἐστὶν
834 1209 977 1272 ἐπίκειται

177 1330 228 1397 19.
252 1308 432 1399 ἀμβρόσιος]
457 1316 536 1378 θεῖος
667 1331 719 1378 21.
742 1308 799 1399 τῖ’]
826 1311 912 1390 ἐτίμα

175 1433 228 1498 23.
252 1411 428 1502 δαΐφρονος]
453 1415 615 1496 πολεμικὸν
629 1418 767 1498 φρόνημα
783 1415 905 1496 ἔχοντος
1302 1431 1341 1472 10

176 1535 194 1579 2
196 1535 227 1600 5.
251 1515 495 1606 ἐπιτετράφαται]
520 1518 761 1600 ἐπιτετραμμένοι
776 1517 824 1581 καὶ
838 1514 1071 1599 ὑποτεταγμένοι
1086 1518 1165 1581 εῖσίν

173 1616 302 1707 μέμηλε]
327 1624 375 1684 διδ
389 1623 546 1703 φροντίδος
562 1623 631 1685 ἐστί

177 1724 229 1790 26.
255 1729 308 1788 νῦν
323 1723 347 1787 δ’
364 1725 469 1805 ἐμέθεν
484 1722 568 1802 ξύνες
583 1722 660 1813 ὦκα]
681 1726 745 1789 ἀντὶ
761 1729 813 1789 τοιῖ
826 1718 879 1806 (αθ
890 1724 933 1806 A)
947 1724 979 1788 τὸ
996 1724 1065 1805 παρ’
1077 1727 1148 1805 ἐμοῦ
1163 1725 1288 1806 λεγόμε-

133 1831 185 1893 νόν
201 1854 251 1892 σοι
265 1830 378 1907 νόησον

179 1949 229 2018 33.
252 1934 334 1996 ἀλλὰ
348 1933 386 1997 σὺ
401 1934 492 2019 σῇσιν
507 1933 560 2016 έχε
575 1931 700 2022 φρεσίν]
724 1935 805 1997 ἀλλά
826 1934 864 1998 σὺ
884 1933 918 1996 τδ
938 1933 1050 2018 λεχθέν
1066 1959 1114 1998 σοι
1131 1936 1203 1998 κατὰ
1219 1938 1289 1997 νοιῖν
1305 1942 1341 2003 15

133 2036 189 2118 ἐχε
204 2035 251 2098 καὶ
265 2036 401 2116 μέμνησο

179 2155 231 2219 34.
253 2135 425 2227 μελίφρων]
449 2141 519 2218 ἡδύς
650 2136 739 2228 ἀνήῃ]
765 2142 923 2227 καταλίπῃ,
940 2139 1015 2226 ἐάσῃ

180 2245 231 2322 36.
254 2245 290 2306 τά
305 2240 478 2332 φρονέοντ’]
503 2249 595 2307 ταῦτα
610 2246 803 2326 λογιζόμενον

180 2360 231 2428 37.
255 2343 313 2434 φή]
339 2347 499 2429 ἐλογίσατο
551 2333 556 2342 ’
630 2343 779 2435 αἱρήσειν]
803 2353 924 2426 λαβεῖν,
940 2346 1102 2428 πορθήσειν

182 2451 234 2530 38.
257 2446 381 2537 μήδετο]
408 2451 587 2529 ἐβουλεύετο

181 2572 232 2636 39.
256 2549 374 2640 θήσειν]
398 2553 535 2633 ποιήσειν
665 2552 708 2617 ἐπ’
725 2549 837 2641 ἄλγεα]
855 2552 902 2618 ἐπ’
920 2555 1019 2620 αὐτοῖς
1035 2552 1108 2617 κακά

178 2675 232 2739 40.
255 2643 395 2744 ὑσμίνας]
419 2657 519 2739 μάχας

179 2779 232 2841 41.
256 2760 320 2838 θείη
336 2759 369 2822 δέ
381 2785 433 2840 μιν
445 2759 592 2844 ἀμφέχυτ’
606 2757 704 2848 ὀμφή]
726 2761 791 2824 θεία
806 2761 839 2822 δέ
855 2759 944 2824 αὐτὸν
956 2760 1020 2843 εἶχε
1035 2762 1161 2839 κληδὼν,
1177 2761 1195 2824 ὅ
1210 2761 1293 2824 ἐστιν

136 2863 269 2945 ἐμνήσθη
283 2869 336 2926 τοῦ
351 2865 464 2945 ὀνείρου
479 2860 544 2950 (τὸν
559 2865 671 2946 ὅμηρον
685 2865 725 2941 Α,
740 2863 823 2948 quod
838 2863 976 2928 correxit
992 2864 1141 2947 Cobetus)

98 2957 103 2965 ¹
181 2988 234 3049 42.
256 2963 411 3054 μαλακὸν]
435 2966 593 3048 τρυφερὸν,
610 2968 728 3031 ἁπαλόν
1308 2979 1346 3040 ²5

180 3089 234 3154 43.
257 3065 414 3157 νηγάτεον]
438 3070 546 3132 νεωστὶ
561 3068 833 3150 κατεσκευασμένον
964 3068 1075 3160 φᾶρος]
1100 3069 1216 3153 ἱμάτιον
1332 3126 1335 3132 .

180 3194 234 3258 45.
257 3167 358 3259 ξίφος]
383 3171 483 3251 σπάθη

180 3274 234 3351 46.
257 3274 384 3356 ἄφθιτον
399 3269 472 3360 αίεί]
497 3273 707 3356 ἀδιάφθαρτον,
727 3277 856 3351 αἰώνιον,
874 3277 921 3340 ὅτι
942 3278 994 3341 οὐκ
1017 3281 1103 3358 ἐδόθη
1125 3279 1157 3341 ἐκ
1172 3283 1224 3341 τοῦ
1244 3277 1295 3359 γέ-

139 3403 208 3445 νους
223 3377 313 3463 ἑτέρῳ

182 3481 234 3560 48.
258 3478 483 3570 προσεβήσετο]
510 3481 659 3547 ἀνέτειλεν
1310 3501 1350 3556 30

183 3599 236 3668 50.
254 3584 348 3667 αὐτὰρ
364 3581 396 3673 ὁ]
421 3587 437 3648 ὁ
453 3589 486 3650 δὲ
501 3584 698 3667 Ἀγαμέμνων

183 3705 236 3773 51.
260 3690 420 3770 κηρύσσειν
435 3686 595 3777 ἀγορήνδε]
619 3695 708 3768 βοᾶν,
725 3699 890 3773 συγκαλεῖν
906 3695 948 3758 είς
962 3689 997 3754 τὸ
1013 3690 1166 3772 συνέδριον

184 3803 238 3873 52.
260 3790 330 3872 μάλ’
346 3790 422 3880 ἀκα]
447 3792 524 3856 πάνυ
539 3795 706 3862 σπουδαίως

184 3907 237 3976 53.
259 3894 392 3984 βουλήν]
416 3897 451 3959 τδ
467 3897 678 3978 προβούλευμα
809 3897 865 3988 ίζε]
891 3899 1005 3974 ἐκάθιζε

186 4010 238 4079 55.
261 3996 400 4087 πυκινήν]
425 3999 563 4079 συνετὴν,
579 4000 723 4081 σώφρονα
852 3999 1006 4089 ήρτύνετο]
1029 4003 1168 4080 ἐποίησεν

183 4102 238 4186 56.
262 4099 366 4190 κλῦτε]
392 4102 540 4168 ἀκούσατε

186 4201 337 4293 ἐνύπνιον]
362 4204 539 4285 ὀνοματικὸν
554 4208 698 4287 ἐπίρρημα
714 4208 779 4271 ἀντὶ
794 4212 847 4271 τοῦ
861 4210 1005 4274 ἐννπνίως

185 4312 238 4391 58.
263 4306 356 4397 φυήν]
382 4311 486 4391 φύσιν,
501 4311 610 4392 τρόπον
741 4308 887 4399 ἄγχιστα]
913 4311 1039 4394 ἔγγιστα

83 4458 86 4463 ,
109 4437 114 4447 ·
190 4427 240 4493 71.
264 4410 350 4498 ᾤχετ’
368 4410 588 4501 ἀποπτάμενος]
613 4413 761 4497 ἀπήρχετο
777 4414 890 4498 ταχέως
906 4417 1046 4479 ἀπελθόν

192 4513 313 4605 ἀνῆκεν]
333 4517 491 4580 κατέλιπεν
