2954 4936
131 190 172 252 18
529 196 699 257 ιΛιΑΔοΣ
730 199 770 257 Ν.
801 197 888 278 (13)

130 357 186 418 τῶν
212 346 541 444 έγκατατεπλεγμένων
566 351 752 444 κτεινομένων
776 350 835 423 ἀπδ
859 359 915 423 τῶν
933 351 1041 448 ε’ξοχῶν
1058 361 1112 424 τοῖιν
1128 352 1175 446 μὴ
1195 351 1281 424 δυνα-

130 464 221 556 μένων
245 467 325 560 μήτε
354 470 479 564 ρἀγῆναι
508 467 588 561 μήτε
615 475 747 556 λυθῆναι.
782 477 882 542 ταῦτα
908 465 955 541 οθν
980 470 1151 567 ἀλληγορεῖ
1177 471 1222 551 είς
1248 465 1281 540 τδ

131 580 283 680 ι’σάρροπον
299 582 394 654 αὖτῶν
411 585 464 672 την
480 584 572 680 ι’σχδν
589 594 744 674 συστῆσαι
762 586 812 658 διδι
828 587 886 668 τδις
903 595 959 660 τῶν
976 593 1042 659 θεῶν
1059 586 1213 676 βοηθείας.

182 722 257 794 359.
285 700 331 772 ἔτ’
357 697 571 798 ἀμφοτέροισι]
598 702 688 798 διχῶς
710 701 925 800 Ἀρίσταρχος,

133 847 200 888 σιν.
230 813 260 889 έν
277 817 307 891 δὲ
331 816 368 889 δι’
380 807 563 916 Ιἀμφοτέρων
586 817 621 890 τδ
645 817 814 914 λεγάμενον,
832 819 878 891 ’ὅτι
902 822 916 891 ὅ
933 819 1088 892 Ποσειδῶν
1105 819 1156 891 καὶ
1173 821 1189 891 ὅ
1206 819 1312 902 Ζεδς5

131 913 181 989 τδν
205 914 335 1011 πάλεμον
356 927 394 1018 τῇ
418 916 488 1013 ’έριδι
512 919 683 1008 συνέδησαν,
703 916 737 992 τδ
755 920 848 1016 πέρας
874 929 930 1009 τῆς
952 918 1043 1018 έριδος
1060 917 1112 992 καὶ
1132 922 1225 991 πάλιν
1249 919 1282 993 τδ

131 1040 184 1104 τοῦ
206 1033 338 1123 πολέμου
362 1031 511 1119 λαβάντες
536 1034 587 1106 καὶ
610 1035 839 1120 ἐπαλλάξαντες
860 1034 904 1107 ἔπ’
923 1037 1116 1134 ἀμφοτέροις,
1135 1033 1236 1134 ὧσπερ
1257 1036 1286 1108 οἵ

131 1151 172 1222 τά
195 1145 331 1245 άμματα
356 1160 515 1238 ποιοῦντες,
534 1150 603 1225 τάδε
625 1150 673 1225 έπδ
693 1149 774 1228 τάδε.
793 1151 883 1233 οὕτως
901 1152 1115 1251 Ἀρίσταρχος.
1142 1153 1283 1243 ἡδιπλῆ,

138 1266 176 1339 ίτι
194 1278 431 1367 παραλληγορεῒ,
449 1268 497 1341 δυό
515 1270 632 1366 πέρατα
651 1269 864 1364 ὑποτιθέμενος,
881 1269 978 1367 έτερον
994 1271 1049 1365 μέν
1067 1269 1170 1365 έριδος,
1188 1269 1285 1365 ἕτερον

132 1384 164 1457 δέ
181 1384 326 1479 πολέμου,
345 1384 532 1480 ε’ξαπτάμενα
549 1383 616 1456 κατ’
634 1385 810 1482 ἀμφοτέρων
827 1395 883 1458 τῶν
902 1388 1143 1483 στρατευμάτων.
1300 1411 1329 1453 ια

182 1511 254 1596 361.
296 1500 524 1597 *μεσαίπολιος
564 1501 737 1598 Ἰδομενεὺς,
777 1501 929 1601 ὠμογέρων
969 1501 1150 1592 Ὀδυσσεὺς,
1193 1502 1285 1601 γέρων

132 1615 271 1712 Νέστωρ.

182 1741 254 1824 362.
284 1730 452 1830 *Τράεσσι
468 1729 674 1830 μετάλμενος]
690 1731 719 1803 έν
736 1730 822 1828 άλλςο
839 1729 1026 1828 Τράεσσιυ
1052 1731 1267 1825 ἐπάλμενος.

182 1858 257 1942 363.
282 1847 464 1938 Καβησάθεν
485 1848 559 1922 ένδον
580 1845 679 1946 έάντα]
701 1849 789 1948 έντῇ
813 1845 978 1950 Ἀργολικῇ
1003 1847 1167 1936 Ἑκάβης
1194 1847 1286 1920 νίθου

132 1964 209 2038 υίδυ
226 1962 347 2039 έίυτα.
382 1965 434 2040 καὶ
450 1970 535 2062 τάχα
545 1963 580 2039 ἀν
594 1965 640 2056 εἴη
653 1967 831 2064 ἁμάρτημα,
843 1965 911 2038 κατ’
922 1965 1041 2061 άγνοιαν
1053 1974 1107 2054 τῆς
1119 1966 1284 2054 Καβῆσου.
1301 2001 1329 2057 15

181 2093 254 2176 364.
284 2084 393 2180 *μετά
410 2083 513 2183 κλέος]
528 2083 754 2182 Ἀριστοφάνης
771 2083 871 2154 κατδι
896 2083 1021 2164 κλέος.

181 2210 256 2294 365.
283 2202 331 2274 ’ὅτι
349 2210 395 2274 νῦν
410 2202 465 2297 μέν
482 2202 535 2290 την
552 2201 754 2298 Κασσάνδραν
779 2195 874 2281 εἶδος
894 2198 1057 2296 ἀρίστην,
1083 2197 1111 2271 ἓν
1127 2196 1236 2277 άλλοις
1254 2199 1286 2271 δὲ

133 2315 236 2413 (11.6,
256 2315 335 2417 252)
364 2319 417 2407 την
442 2314 599 2406 Λαοδίκην,
626 2313 679 2389 καί
705 2315 737 2389 οθ
761 2319 914 2413 μάχεται.
948 2321 968 2407 ἡ
993 2317 1025 2390 δέ
1051 2316 1187 2413 άναφορδι
1213 2314 1286 2413 τρδς

131 2431 201 2535 τοὺς
217 2432 408 2533 χωρίζοντας·
445 2435 550 2508 λθεται
568 2434 628 2533 γάρ
645 2443 708 2514 τοῖς
725 2433 880 2516 τοιούτοις.

183 2560 258 2644 366.
285 2554 487 2652 Κασσάνδρην
507 2549 651 2650 ἀνάεδνον]
677 2550 721 2623 θτι
747 2550 817 2624 ἕδνα
840 2550 977 2624 έδιδοσαν
994 2552 1023 2623 οἵ
1040 2549 1286 2646 μνηστευίμενοι·
1301 2589 1329 2630 2<

132 2666 174 2740 διδ
202 2667 287 2751 οθτος
313 2669 517 2768 θποσχάμενος
540 2671 684 2755 έξελάσαι
697 2664 945 2758 ’τοδςἝλληνας
969 2667 1101 2740 ἀνάεδνον
1126 2668 1213 2741 αι’τεΐ
1232 2671 1288 2759 τὴν

132 2787 348 2884 Κασσάνδραν.

185 2901 320 3000 *βραχὺ
337 2903 538 2976 διασταλτέον
556 2901 604 2976 ε’πδ
623 2901 656 2976 τδ
681 2901 795 3001 έργον·
827 2900 967 2997 ἐμφαίνει
985 2901 1045 2998 γάρ
1061 2912 1191 2996 μάλλον.

182 3029 256 3112 367.
286 3018 487 3122 *ἀπωσέμευ]
503 3019 706 3118 Ἀρίσταρχος
723 3019 933 3114 άνωσέμεν.-

183 3161 255 3230 371.
281 3135 486 3236 Ἀρίσταρχος
503 3142 666 3224 βιβάντα
690 3138 728 3218 ὥς
744 3136 888 3231 δαμέντα,
906 3133 957 3208 ἀπ’
978 3132 1092 3216 εθθείας
1108 3143 1163 3223 τῆς
1179 3135 1286 3233 μακρδι
1302 3172 1329 3229 ²!

133 3256 245 3337 βιβάς.
278 3252 329 3326 καὶ
347 3251 437 3337 οθτως
454 3254 519 3351 έχει
541 3259 559 3346 ἡ
579 3253 666 3351 ὑγιὴς
683 3255 858 3351 ἀνάγνωσις.

178 3458 203 3498 1.
246 3421 434 3521 κτεινομένων]
480 3444 690 3515 κατατεινομένων
730 3442 811 3514 ἦμέν
831 3442 971 3512 Ζηνοδθτου
991 3440 1128 3511 ἅνωσέμευ,
1147 3438 1286 3512 ’Δρέσταμ

134 3520 292 3580 Bekkerus.
730 3547 777 3596 χος
791 3524 821 3580 δέ
833 3527 902 3595 φησι
914 3524 949 3594 μὴ
962 3522 1087 3596 λέγεσθαι
1099 3524 1144 3576 τὸν
1154 3521 1182 3576 ἐκ
1194 3521 1287 3593 Τροίας

175 3600 250 3660 *τῶν
262 3600 310 3685 μὴ]
325 3608 365 3662 καὶ
377 3607 412 3677 μὴ
730 3609 815 3662 πλοῦν
832 3603 965 3678 ἀναγωγήν
978 3624 984 3661 :
1006 3601 1065 3660 vid.
1079 3601 1128 3660 W.
1144 3599 1285 3659 Ribbeck.

176 3702 203 3759 3.
226 3683 398 3766 *συσιῆσω]
418 3691 546 3757 συστῆναι
731 3685 763 3743 in
809 3684 959 3762 Philologo
1004 3682 1060 3741 vol.
1105 3701 1122 3756 9
1163 3701 1190 3758 p.
1236 3695 1284 3755 47.

179 3783 224 3837 11,
243 3785 289 3828 12.
311 3765 448 3830 scholion
469 3768 506 3826 ab
525 3765 583 3826 alia
602 3785 690 3826 manu
732 3765 923 3826 scribendum
966 3764 1058 3841 igitur
1103 3763 1135 3821 in
1175 3761 1285 3821 scholio

133 3846 284 3927 pefiptum.
731 3847 916 3907 Townleiano
941 3866 1008 3908 cum
1036 3844 1147 3904 Cobeto
1174 3843 1284 3902 Mnem.

179 3941 224 4002 15.
246 3933 301 3986 υἶδυ
314 3925 400 4010 ε’όντα]
416 3949 472 3989 om.
731 3949 822 3989 novae
844 3929 900 3988 vol.
928 3948 940 3984 1
969 3948 997 4005 p.
1021 3946 1067 4000 44.
1101 3931 1128 3982 αἱ
1149 3927 1196 3997 μέν
1214 3923 1285 3998 Ἀρι-

180 4027 225 4083 19.
245 4007 384 4091 τοιούτοις]
398 4015 428 4069 τὸ
447 4014 588 4086 πρόβλημα
608 4008 691 4070 addit
732 4015 848 4085 στάρχου
866 4012 1008 4081 ἀπωσέμεν,
1024 4011 1163 4078 Ζηνόδοτος
1177 4008 1205 4062 δέ
1219 4007 1284 4061 ἄνω-

135 4086 387 4165 Ὲςὶθᾶλωθηᾶθςυε.
665 4165 668 4171 .
732 4094 817 4164 σέμεν.
845 4092 1017 4165 Ἀρίσταρχος
1037 4090 1066 4145 δέ
1082 4093 1151 4161 φησι
1164 4089 1285 4162 μὴλέγε-

180 4187 226 4244 ²3·
268 4179 320 4250 γὰρ
352 4178 454 4247 μᾶλλον
485 4172 600 4234 addidit
635 4172 691 4233 00·
704 4199 715 4214 ··
733 4175 794 4230 σθαι
808 4177 852 4230 τὸν
864 4175 893 4229 έκ
906 4175 998 4247 Τροίας
1010 4174 1093 4227 πλοῦν
1105 4169 1245 4242 ἀναγωγήν.

134 4245 230 4309 betufl.
776 4267 823 4328 25.
843 4256 1006 4329 Ἀρίσταρχος
1018 4245 1142 4329 βιβάνῐᾱ]
1157 4249 1285 4308 ἙλΠὶθιΠ·

179 4348 226 4402 24.
235 4330 347 4394 Oollato
356 4334 464 4396 scholio
475 4335 582 4396 oodicis
590 4336 690 4396 Town·
733 4335 903 4396 scholiasta:
921 4355 988 4394 nam
1001 4329 1192 4391 Aristarchus
1205 4329 1285 4388 haud

134 4407 231 4484 biania
266 4413 321 4472 θῒθὶ
361 4414 425 4492 ipso
466 4437 582 4494 quoque
622 4437 690 4496 per·
730 4417 817 4477 dubie
830 4423 943 4489 βιβῶντα
953 4415 1134 4494 probaverat,
1149 4415 1185 4470 ut
1200 4429 1227 4486 3,
1246 4431 1282 4470 το

158 4507 228 4568 Ἢοο
249 4492 304 4556 hoc
324 4494 478 4558 dicendum
499 4499 588 4560 fuisse
608 4505 690 4579 patet
731 4503 762 4560 et
776 4499 854 4558 alibi.
