2954 4936
195 184 258 249 152
591 190 762 253 1111101
792 194 826 253 1.
857 189 943 272 (18)

242 340 329 436 ἀρῆς
349 341 512 436 ἀλκτῆρα
535 345 666 431 βλοίβης
683 341 735 414 καὶ
752 341 909 424 κακῶσεως
927 339 1151 438 ἀποτρεπτικδν,
1169 341 1190 413 δ’
1202 340 1270 414 έστι
1290 374 1345 413 κω·

193 458 287 545 λυτῆυ
310 455 361 528 καί
387 455 502 547 βοηθθν.
535 459 564 532 οἱ
587 459 618 531 δὲ
635 456 746 554 ’Άρεω
771 459 936 557 ἀλκτῆρα
961 457 1176 554 ἀποτρεπτικδυ
1200 459 1344 551 πολέμου.

194 571 407 671 Παρμενίσκος
424 576 479 667 μὲν
502 572 548 647 οθν
564 572 732 689 βαρυτέυως
749 573 783 646 τδ
806 573 931 663 έδησεν
948 571 1127 648 ἀποδίδωσιν
1145 572 1249 656 οὕτως·
1277 578 1292 647 ὁ
1312 575 1344 648 δὲ

193 687 327 784 πέλεμος
344 692 397 778 τῆν
415 691 487 782 έμῆυ
503 691 689 783 ἀφελέμενος
706 690 872 764 πανοπλίαν
888 690 977 779 έδησέ
993 723 1052 785 μου
1068 691 1122 779 τῆν
1139 690 1243 779 ἔξοδον,
1264 688 1343 763 ὥστε

193 809 332 905 ἀλκτῆρα
356 811 401 901 μῆ
426 809 563 904 γενέσθαι
584 807 777 904 Πατρέκλου,
797 808 864 908 ὅπερ
882 806 950 882 ἐστὶ
974 804 1090 898 βοηθίν.
1143 814 1376 902 Πτολεμαῒος5

193 925 225 998 δέ
242 929 256 998 ὅ
274 923 500 1015 Ἀσκαλωνίτης
517 925 659 1022 περισσδυ
676 924 710 999 τδ
728 926 817 1016 έδησέ
833 937 940 1019 φησιν.

243 1043 292 1114 διδι
310 1051 362 1115 τοῆ
379 1043 402 1115 ὦ
411 1039 522 1135 Ἀρεω
539 1042 785 1142 ῆἈριστάρχου·
810 1036 863 1115 καί
886 1041 953 1116 έστι
972 1040 1005 1114 τδ
1026 1039 1195 1139 λεγέμευον,
1214 1041 1288 1136 έμοῧ
1311 1042 1343 1114 δὲ

192 1158 296 1246 ε’δέησε
310 1157 344 1232 τδ
357 1160 529 1256 ἀλεξητῆρα
541 1161 679 1255 γενέσθαι
694 1159 850 1256 ποῦ”Αρεω
867 1157 930 1231 καθ’
942 1157 973 1230 δν
985 1158 1134 1232 ἀπθλετο.
1161 1158 1215 1231 ἀπ’
1227 1159 1342 1241 εὐθείας

192 1283 247 1364 τῆς
260 1274 398 1374 ὅἌρεως,
412 1278 448 1358 ὦς
467 1278 640 1375 ὅΠείρεως·
666 1288 687 1320 “
700 1275 817 1374 Πείρεω
835 1273 920 1350 υἷέυ”
936 1281 987 1364 (ΙΙ.
1000 1303 1052 1360 20,
1063 1275 1156 1371 484).
1184 1275 1213 1348 έν
1230 1275 1262 1348 δὲ
1279 1287 1343 1357 τοῖς

192 1392 380 1490 εἶκαιοτέροις
397 1394 483 1492 ἀρῆς
500 1404 556 1482 τῆς
579 1397 720 1484 βλάβης,
738 1391 803 1467 ε’πεδ
823 1392 876 1467 καί
891 1391 1035 1474 Ἡσίοδος
1052 1403 1075 1436 “
1086 1395 1159 1492 ἀρῆς
1175 1393 1341 1489 ἀλκτῆρα”
1359 1422 1397 1460 10

191 1507 251 1601 ἔφη
270 1513 374 1605 (Scut.
390 1538 429 1604 29
444 1527 477 1583 et
493 1510 582 1609 128).

243 1654 316 1699 101.
342 1627 424 1720 φησὶ
441 1627 475 1700 τδ
497 1629 573 1718 έξῆι·
600 1637 622 1669 “
633 1635 678 1698 νῦν
695 1626 722 1699 δ’
743 1624 806 1700 έπεί
824 1627 856 1700 οὗ
873 1626 979 1722 νέομαί
990 1659 1028 1722 γε
1046 1627 1059 1716 ί
1066 1630 1154 1722 114),
1172 1635 1219 1698 νῆν
1236 1627 1261 1699 δ’
1278 1623 1339 1723 εἶμ’

190 1740 270 1841 έφρα
286 1743 383 1837 φίλης
399 1743 570 1834 κεφαλῆς.”
606 1744 641 1816 αι’
660 1741 849 1840 ἷιποστιγμαδ
872 1745 903 1817 δὲ
925 1743 1018 1840 μέχρι
1036 1752 1088 1816 τοῒι
1107 1743 1202 1839 (106)
1222 1745 1342 1838 “ἀμεί-

190 1860 265 1941 υονές
288 1861 348 1932 εἶσι
374 1857 426 1932 καί
451 1859 561 1933 ἀλλοι”
579 1861 804 1947 ἀποτελοῦνται,
828 1869 880 1933 τοῦ
906 1860 976 1934 έπεί
997 1861 1163 1955 συνδέσμου
1183 1858 1233 1932 τδν
1250 1859 1342 1957 λέγον

188 1977 343 2074 ἀρτῶντος,
362 1972 428 2076 ίν’ᾖ
445 1973 643 2057 ἀνταπίδοσις
662 1975 757 2074 (107)
775 1986 798 2019 “
809 1977 845 2058 ὧς
864 1976 923 2072 ἐ’ρις
941 1976 974 2048 έκ
990 2009 1025 2049 τε
1042 1979 1137 2049 θεῶν.”
1167 1980 1181 2050 ὅ
1199 1977 1231 2049 δὲ
1248 1975 1341 2073 λέγος
1358 2006 1395 2067 15

189 2092 295 2181 ῆθικές·
321 2102 367 2165 νῦν
384 2093 408 2165 δ’
425 2092 489 2165 έπεδ
505 2096 584 2188 μῆτε
602 2095 645 2176 ει’ς
659 2095 712 2182 τῆν
723 2093 859 2193 πατρίδα
877 2093 1065 2186 ὖποστρέιίιαιΙ
1079 2093 1256 2190 εἱμαρμένον
1270 2089 1341 2166 ἔστί

187 2210 268 2301 μῆτε
287 2209 444 2299 ε’ξεδίκησα
461 2210 530 2292 τοὺς
551 2212 763 2311 ἀναιρεθέντας,
781 2208 815 2283 τδ
833 2220 1012 2304 φιλονεικεῖν
1029 2209 1062 2283 ’έκ
1077 2243 1112 2283 τε
1136 2218 1202 2282 θεῶν
1219 2208 1271 2283 καὶ
1288 2213 1342 2284 ἀν-

189 2324 301 2423 θρῶπων
318 2328 469 2402 ἀπίλοιτο.
504 2329 523 2420 ῆ
540 2328 574 2402 τδ
598 2332 667 2420 έξῆς
683 2339 735 2403 τοῦ
757 2327 857 2425 λέγον,
876 2339 922 2402 νῦν
939 2330 968 2401 δ’
983 2325 1048 2402 ε’πεδ
1065 2328 1097 2401 οὖ
1114 2330 1228 2420 νέομαι,
1246 2339 1295 2402 νῆν
1311 2331 1341 2402 δ’

188 2439 247 2537 εἶμ’
263 2443 342 2542 ἀφρα
359 2446 455 2539 φίλης
472 2456 620 2539 κεφαλῆς.
651 2445 702 2518 καί
718 2447 778 2543 γάρ
792 2446 976 2538 ε’πανείληφε
989 2444 1023 2518 τδ
1040 2443 1172 2544 χρονικδυ
1189 2443 1341 2543 ἐπίρρημα

188 2560 287 2659 ὥσπερ
306 2563 348 2642 είς
367 2561 529 2658 ἶιπέμνησιυ
545 2574 600 2654 τῆς
617 2565 713 2661 ἀρχῆς
731 2565 765 2653 ῆν
781 2565 955 2662 παραλιπιδν
971 2565 1135 2660 παρεξέβη.
1355 2601 1393 2639 20

241 2706 311 2753 102.
336 2678 433 2753 *οὐδέ
449 2714 479 2752 τι
496 2679 669 2780 Πατρέκλρ
685 2680 811 2784 γενόμην
826 2679 920 2778 φάος]
945 2688 1030 2752 τοῦτο
1047 2678 1114 2752 κατ’
1132 2679 1218 2755 ι’δίαν.

242 2824 311 2888 103.
340 2794 493 2895 *Ἕκτορι
511 2793 574 2895 δίῳ]
600 2795 645 2869 θ’τι
662 2794 728 2868 ἀντί
745 2806 796 2870 τοῖν
815 2796 866 2890 ἀφ’
877 2794 1029 2893 Ἕκτορος
1046 2797 1117 2871 δίου.

241 2940 309 3000 104
336 2911 485 2985 δὲέτιίισιον
508 2914 599 3011 ἀχθος
622 2909 757 3008 οἷοιίρης]
785 2912 887 3011 έχθρδς
911 2915 970 3010 γδρ
993 2922 1049 3002 τῆς
1072 2912 1183 3011 ἀργίας
1209 2916 1224 2986 ὃ
1251 2913 1337 3009 ῆρως,

187 3028 351 3120 φιλέτιμος
368 3030 399 3102 δέ
416 3027 483 3126 περὶ
500 3031 557 3111 τάς
575 3033 707 3126 προέξεις.

240 3168 310 3238 105.
336 3143 394 3226 οἷος
412 3145 507 3244 οῗίτις]
531 3147 657 3234 ἀλαζὼν,
675 3145 769 3236 φασί,
788 3145 838 3218 καί
856 3146 1008 3242 φορτικῆς.
1041 3147 1143 3246 ῥητέον
1160 3148 1192 3221 δέ
1210 3147 1255 3220 ίτι
1274 3148 1336 3231 έθος
1354 3184 1390 3244 25

186 3261 219 3351 ῆν
236 3275 328 3335 πᾶσιν
345 3264 467 3343 έαυτοδς
485 3264 619 3336 ἐπαινεῖν.

239 3401 311 3470 107.
336 3383 373 3458 ὥς
392 3379 465 3478 έρις]
486 3382 687 3476 Ἡράκλειτος
700 3382 753 3469 τῆν
766 3389 820 3451 τῶν
832 3378 916 3452 ἀυτωυ
929 3380 1022 3474 φύσιν
1035 3379 1102 3453 κατ’
1116 3381 1175 3476 έριν
1188 3385 1337 3455 συνεστά-

185 3528 230 3570 ναι
254 3495 373 3591 νομίζων
390 3497 549 3589 μέμφεται
558 3495 706 3594 Ὅμηρον,
727 3497 878 3593 σίγχυσιν
898 3497 1014 3590 κάσμου
1039 3499 1125 3571 δοκῶν
1142 3497 1230 3571 αὗτδν
1247 3500 1337 3596 εθχε-

185 3621 263 3688 σθαι.
294 3612 366 3709 πρδς
382 3612 411 3687 δν
428 3615 462 3686 ἀν
475 3647 522 3695 τις
540 3614 615 3687 εἴποι
634 3614 678 3686 ίτι
698 3615 729 3687 οὗ
747 3616 831 3710 λέγει
850 3623 896 3686 νῆν
909 3616 961 3702 τῆν
979 3612 1146 3688 ἐναντίωσιν
1162 3615 1230 3712 έριν,
1249 3616 1337 3690 ἀλλά

183 3733 236 3821 τῆν
254 3729 374 3829 έχθραυ·
400 3729 460 3803 ὅθεν
481 3730 614 3828 ε’πιφέρει
636 3730 717 3803 “acal
743 3729 869 3827 χίλος·”
907 3730 939 3803 οὗ
959 3731 1020 3830 γάρ
1036 3736 1054 3823 ῆ
1072 3742 1127 3805 τῶν
1148 3738 1333 3830 πραγμάτοιν
1351 3777 1391 3833 30

184 3845 350 3928 ε’ναυτίωσις
368 3846 437 3926 τοὺς
453 3846 614 3943 φρονίμους
631 3847 769 3936 ε’ξίστησι
786 3857 842 3918 τῶν
859 3858 1020 3944 λογισμῶν.

237 3993 306 4056 109.
332 3962 475 4062 γλυκίων]
499 3966 632 4058 γλυκέως
658 3963 717 4063 γδιρ
742 3961 924 4036 διατίθεσθαι
951 3966 1020 4047 τοὺς
1047 3967 1268 4063 ε’κπληροῦυτας
1294 3971 1336 4043 τδι

183 4082 263 4153 κατδι
280 4080 366 4175 θυμδυ
384 4079 561 4173 συμβαίνει.

224 4243 250 4294 4.
276 4224 435 4296 ἀφελόμενος
458 4220 620 4303 Bekkerus]
653 4226 735 4298 ἐφαλ-
821 4242 865 4282 11.
885 4228 988 4294 βλάβης
999 4228 1039 4281 καὶ
1052 4230 1186 4285 κακώσεως
1198 4230 1267 4286 ante
1282 4230 1335 4301 ἔφη

182 4307 288 4375 λόμενοε
776 4305 917 4381 scriptum
932 4306 1075 4382 expunxit
1089 4306 1235 4368 librarium

225 4398 250 4458 7.
273 4384 310 4441 In
334 4403 424 4462 marg.
448 4386 532 4447 inter.
562 4387 735 4461 Ἀρίσταρχος
821 4389 866 4447 16.
887 4383 958 4468 ἐστὶ]
973 4390 1032 4444 ἐστι’
1045 4413 1088 4460 μοι
1102 4388 1212 4450 Friedl.

179 4468 221 4521 διὰ
235 4471 280 4521 τοῦ
295 4465 409 4539 ὧἌρεω.
