2954 4936
538 197 711 259 νκικκου
740 199 779 259 x.
811 196 896 278 (ον)
1044 264 1053 270 ,
1229 192 1293 254 νου

140 374 177 415 τε
195 340 250 417 καί
273 343 362 419 άλλοι
385 347 527 446 οἷριστῆες
548 341 764 446 Παναχαιῶν.”
802 348 834 421 οὗ
854 350 984 446 πάρεστι
1009 346 1040 419 δὲ
1063 343 1292 441 ὃἈηαμέμυων

141 458 195 533 έπδ
212 462 327 552 ταθτης
343 472 400 553 τῆς
414 468 532 562 μάχης,
549 465 620 538 ἀλλ’
639 463 688 538 έσδ
704 475 761 556 τῆς
778 475 890 555 σκηνῆς
907 463 951 537 έτι
968 462 1160 563 τραυματίας
1176 458 1221 536 ῶν.

195 600 272 673 379·
296 580 341 653 ῶτι
353 582 406 670 την
420 579 520 654 αι’τίοιν
532 585 727 681 προτέταχεν,
741 583 865 671 ἐπειδη
882 578 974 654 τάνδ’
994 580 1104 678 άνδρα
1123 577 1205 652 θεοί.
1234 578 1294 651 έδει

144 696 178 768 δὲ
195 692 287 780 οῶτως
305 697 362 771 “ει’
377 696 406 770 δ’
423 696 521 796 ἄγετ’,
538 697 623 796 άμφδ
643 699 731 775 πάλιν
749 699 802 773 σῶν
819 700 944 796 τείχεσι
965 705 1153 795 πειρηθῶμεν,
1171 695 1251 794 άφρα
1267 697 1294 768 κ’

144 812 191 886 έτι
207 823 322 910 γνῶμεν
338 813 443 914 Τρῶοιν
459 814 527 905 νέον,
544 815 564 907 ἢ
580 817 800 905 καταλείψουσι
818 815 904 889 πάλιν
929 814 1020 914 άκρην
1036 814 1120 887 τοῶδε
1141 811 1326 899 πεσάντος,5

141 930 178 1019 ἦέ
194 929 293 1025 μένειν
311 934 478 1027 μεμάασιν,
497 933 598 1021 ε’πειδδη
615 933 696 1008 τάνδ’
711 929 802 1032 άνδρα
819 936 876 1007 θεοὶ
896 933 1095 1029 δαμάσασθαι
1113 930 1250 1004 έδωκαν.”
1281 934 1296 1003 o‘

143 1044 177 1120 δὲ
203 1049 362 1131 Διονύσιος
386 1050 523 1140 διστάζει
549 1051 595 1146 μὴ
620 1048 693 1150 τρδς
717 1052 771 1140 την
795 1049 955 1137 άπάλειφιν
980 1057 1031 1121 τοῶ
1057 1046 1174 1146 χράνου·
1200 1079 1296 1146 παρα-

147 1168 288 1256 σκευάζει
304 1166 365 1267 γάρ
380 1166 416 1240 τδ
434 1178 454 1208 “
466 1164 566 1258 ἐπειδη
584 1170 656 1258 νῆάς
672 1200 707 1241 τε
727 1166 778 1240 καί
793 1167 1019 1256 Ἑλλήσποντον
1036 1160 1149 1237 ίκοντο”
1170 1171 1223 1254 (ll.
1243 1192 1295 1258 23,

144 1289 177 1372 2)
196 1280 249 1355 καδ
274 1283 432 1367 “ἔπίτονος
458 1283 623 1375 βέβλητο”
643 1285 719 1382 (Od.
737 1312 788 1370 12,
805 1285 897 1381 423)·
924 1285 965 1356 τδι
988 1281 1048 1382 γδιρ
1074 1291 1198 1355 τοιαῶτα
1224 1281 1296 1370 ε’ση-

145 1406 283 1492 μειοῶντο
308 1399 380 1496 πρδς
405 1400 502 1500 κρίσιν
522 1402 704 1496 ποιημάτων,
722 1400 767 1473 ὅτι
791 1400 919 1483 σπανίως
928 1399 1071 1498 Ὅμηρος
1096 1401 1295 1497 κακομέτροις
1312 1422 1348 1460 10

140 1524 228 1589 ποιεῖ.

194 1641 268 1726 380.
297 1631 374 1732 *γρ
392 1632 567 1733 έρδεσκεν.

195 1755 273 1842 388.
295 1748 371 1824 *gn
384 1750 551 1839 Ζηνάδοτος
562 1784 611 1849 γρ.
626 1749 711 1840 ζωδς
724 1750 757 1824 έν
773 1750 970 1850 Ἀργείοισι
985 1751 1293 1844 φιλοπτολέμοισι

140 1866 284 1961 μετείω.

194 2009 271 2079 393,
290 2010 364 2077 394.
391 1984 527 2084 ἠράμεθα
543 1983 744 2084 μέγακῶδος]
770 1985 938 2058 οἷθετοῶνται
958 1985 1060 2081 στίχοι
1079 1984 1137 2071 δύο,
1152 1983 1195 2056 θτι
1214 1983 1295 2083 παρῶ
1312 2009 1347 2070 ¹5

146 2100 203 2189 την
219 2100 305 2186 ἀξίαν
322 2103 496 2199 Ἀχιλλέως
519 2104 547 2175 ον’
571 2101 665 2198 λάγοι·
690 2099 781 2184 αὗτδς
805 2101 864 2199 ηδιρ
881 2099 915 2192 ἦν
932 2105 946 2175 ὁ
963 2103 1058 2198 λέγων
1077 2100 1194 2199 (11.16,
1215 2099 1292 2199 243)

145 2215 259 2316 “ῶφρα
275 2215 459 2319 καδἘκτωρ
476 2219 592 2294 εἴσεται
611 2220 630 2310 ἦ
646 2224 685 2319 ῥα
702 2217 753 2292 καὶ
771 2214 829 2300 οἷος
849 2218 1011 2307 ἐπίστηται
1033 2218 1204 2314 πολεμίζειν
1220 2221 1295 2314 ἡμέ-

140 2367 227 2434 τερος
243 2334 398 2433 θεράπων.”

193 2460 268 2545 396.
297 2451 342 2526 ῶτι
369 2461 415 2525 νῶν
440 2452 576 2536 τένοντας
602 2449 667 2525 εἶτε
692 2453 732 2525 τδι
759 2453 959 2549 διατεταμένα
984 2463 1040 2526 τῶν
1066 2464 1184 2552 σφυρῶν
1209 2461 1294 2550 νεῶρα

140 2567 261 2642 ῶπισθεν
277 2579 332 2658 τῆς
349 2572 472 2666 κνήμης.
1309 2604 1347 2645 σο

194 2708 270 2779 397.
296 2686 328 2768 ές
354 2685 467 2786 σφυρδν
483 2687 516 2760 ἔκ
538 2683 677 2786 πτέρνης]
702 2687 753 2759 διδι
769 2685 805 2760 τί
815 2687 976 2785 Ἀχιλλεὺς
999 2686 1119 2761 θαυάντα
1144 2688 1226 2785 σύρει
1245 2684 1294 2760 τδν

131 2797 276 2899 Ἕκτορα
283 2833 293 2893 3
318 2803 371 2877 καδ
396 2806 526 2902 λέγομεν
543 2804 588 2877 ῶτι
615 2804 646 2878 οθ
664 2804 701 2877 δι’
720 2803 870 2899 ῶμίτητα,
890 2805 921 2886 ῶς
937 2837 974 2901 ηε
1000 2803 1052 2877 καὶ
1069 2803 1215 2877 Ἠετίωνα
1236 2818 1294 2898 φο-

141 2918 251 3002 νεθσας
278 2920 331 2993 οὖκ
354 2920 511 3011 έσῶλησεν,
530 2921 615 2994 σἰλλδι
641 2920 694 2994 σῶν
719 2922 822 3003 αὐτοῖς
845 2932 909 3003 τοῖς
936 2920 1037 3004 άπλοις
1063 2920 1169 3010 έθαφεν
1191 2921 1293 3020 (11.6,

141 3034 237 3133 417),
254 3037 328 3111 ἄλλ’
346 3036 392 3112 άτι
409 3037 547 3137 πράτερος
571 3035 720 3138 ὁἝκτωρ
745 3040 789 3120 εἶς
808 3037 856 3111 τῶν
873 3043 1051 3138 Πάτροκλον
1077 3039 1209 3112 “άεικέα
1234 3044 1294 3136 μή·

96 3237 102 3243 .
144 3186 223 3227 σατν
241 3153 346 3253 έργα,”
363 3151 411 3228 οἷον
427 3155 478 3229 καὶ
499 3157 582 3253 λέγει
606 3154 674 3254 περὶ
696 3157 796 3228 αὖτοῶ·
825 3167 847 3198 “
860 3159 997 3251 κεφαλὴν
1013 3158 1045 3231 δέ
1061 3159 1075 3230 ἓ
1093 3155 1182 3250 θυμδς
1200 3158 1323 3276 σ’ίνωηε2

141 3272 236 3360 πῆξαι
263 3267 313 3344 ε’πδ
340 3271 535 3361 σκολάπεσσι,
552 3272 670 3368 ταμάνθ
688 3277 810 3362 άπαλῆς
830 3273 889 3347 ἇπδ
915 3275 1012 3374 δειρῆς
1025 3273 1042 3299 ”
1062 3275 1118 3375 (Il.
1139 3277 1291 3374 16,176)·

141 3397 349 3486 παρανομοῦσι
374 3389 407 3463 δὲ
432 3390 491 3486 οῶχ
515 3392 545 3464 οἷ
567 3391 752 3486 ἀμυνάμενοι,
770 3392 840 3464 ἄλλ’
856 3393 885 3465 οἵ
899 3392 1050 3491 άρξαντες.
1086 3393 1151 3466 ὁδέ
1172 3395 1292 3467 Καλλί-

140 3503 247 3604 μαχάς
263 3517 360 3599 φησιν
377 3505 421 3580 θτι
439 3506 561 3606 πάτριάν
579 3507 645 3580 ἔστι
661 3515 838 3591 Θεσσαλοῖς
855 3509 925 3591 τοῶς
939 3520 994 3582 τῶν
1011 3514 1167 3603 φιλτάτων
1183 3512 1292 3604 φονέας

142 3622 242 3720 σύρειν
259 3621 327 3721 περὶ
339 3622 410 3706 τοῶς
422 3634 478 3697 τῶν
490 3625 679 3718 φονευθέντων
692 3628 817 3719 τάφους·
843 3625 964 3720 Σίμωνα
980 3630 1040 3725 γάρ
1057 3639 1148 3721 φησι,
1163 3634 1291 3700 Θεσσα·

140 3738 192 3812 λδν
215 3737 250 3814 τδ
274 3741 370 3837 γένος,
389 3742 608 3841 Εὖρυδάμαντα
634 3741 683 3817 τδν
708 3745 835 3818 Μειδίου
859 3753 946 3845 σῶραι
973 3745 1187 3819 ἀποκτείναντα
1207 3752 1290 3846 Θρά·

141 3871 253 3930 συλλον
270 3854 319 3930 τῶν
341 3858 473 3954 άδελφδν
492 3859 582 3933 αὖτοῶ
608 3861 754 3960 ἄρξασθαι
778 3871 829 3934 τοῶ
854 3861 942 3957 νθμου
967 3873 1087 3963 πρῶτον·
1113 3872 1214 3938 τοῶτον
1229 3863 1288 3961 γάρ
1305 3851 1343 3908 3⁰

139 3971 250 4063 ἐξάψαι
268 3982 321 4048 τοῶ
344 3974 449 4074 δίφρου
466 3975 515 4050 τῶν
531 3976 624 4071 φονέα
643 3975 777 4077 καὶπερὶ
794 3977 843 4050 τδν
859 3986 911 4051 τοῶ
928 3979 1176 4070 τετελευτηκάτος
1192 3983 1289 4075 τάφον

183 4163 211 4204 2.
236 4139 358 4225 έτι]ε’στὶ
779 4149 825 4206 26.
848 4144 937 4228 Ιθιὶπὸ]
955 4152 1003 4206 ὑπὸ

181 4245 210 4301 9.
221 4222 399 4307 ε’σημεισῦντο]
411 4223 478 4286 Vid.
489 4227 588 4288 Lehrs.
598 4225 693 4289 Arist.
780 4247 827 4302 29.
849 4226 865 4260 *
877 4227 988 4310 Σίμωνα]
1004 4233 1087 4303 σίμων

139 4323 168 4387 p.
188 4324 234 4380 14.
777 4307 1060 4384 *θεσσολὸν-νόμου
1074 4309 1187 4397 πρῶτον]
1202 4333 1257 4374 om.

185 4407 231 4464 13.
241 4392 379 4460 Ζηνόδοτος
386 4415 429 4466 γρ.
436 4390 549 4451 addidit
559 4391 692 4452 Cobetus.
777 4410 824 4466 30.
848 4388 963 4473 *οῦροι]
978 4413 1035 4452 om.

183 4483 229 4544 25.
253 4465 348 4551 Gom
778 4492 824 4548 31.
850 4473 940 4550 *γὰρ]
958 4494 1012 4534 om.

683 4606 704 4650 R
720 4605 738 4655 2
