2954 4936
549 213 720 273 ιλιΑΔοΣ
752 216 776 273 1.
807 212 870 294 (9)
921 210 924 217 ’

642 421 665 477 1.
711 370 795 498 (ο)ι

181 585 209 629 1.
233 566 271 632 δς
286 569 315 629 οἳ
329 568 385 646 μέν
399 565 515 655 Τρῶες]
532 571 608 632 οὕτω
622 572 678 649 μὲν
693 571 722 632 οῖ
736 574 835 648 Τρῶες
850 569 1026 648 ἐφύλασσον

180 687 212 734 2.
235 667 397 758 θεσπεσίη]
413 672 487 748 θεία,
504 671 604 750 πολλή
735 666 802 759 έχε]
822 669 936 751 ἐκρότει

180 768 273 860 φύζα]
291 772 372 854 φυγή
506 771 673 861 κρυόεντος]
690 780 815 855 φρυκτοῦ
831 774 878 836 καὶ
890 776 1022 854 φοβεροῦ

179 896 210 960 3.
235 873 367 964 ἀτλήτῳ]
385 877 596 963 ἀνυπομονητῳ
729 873 916 963 βεβολήατο]
935 875 1108 957 συνείχοντο
1305 884 1322 944 5

181 992 211 1059 7.
235 976 401 1068 κορθύεται]
419 987 596 1062 κορυφοῦται
612 983 659 1045 καὶ
675 980 794 1060 αὐξεται

179 1087 273 1162 φῦκος
289 1081 412 1172 ἔχευαν]
429 1083 523 1164 βρύον
538 1083 700 1165 ἐξέβρασευ

179 1187 209 1250 8.
233 1184 298 1250 ἐδαί
312 1184 582 1275 ετο]ἐσκορπίζετο

181 1308 231 1351 10.
255 1287 360 1377 φοίτα]
377 1291 489 1377 περιῄει
508 1288 580 1372 (ἀίει
595 1290 638 1374 Α)

182 1411 231 1456 11.
255 1391 380 1482 κλήδην]
398 1399 572 1472 καλοῦντας,
589 1396 789 1476 κηρύσσοντας

178 1493 320 1584 ἕκαστον]
337 1504 395 1561 τῶν
410 1499 540 1578 ἀρίστων
555 1500 694 1576 δηλονότι
803 1492 808 1501 ’

180 1618 231 1684 13.
250 1598 413 1688 τετιηότες]
430 1601 673 1684 ἐκπεπληγμένοι,
689 1601 887 1681 λελυπημένοι

180 1722 231 1787 15.
255 1702 415 1793 δνοφερόν]
431 1706 527 1782 μέλαν

179 1826 231 1892 3ο.
255 1805 323 1896 δήν]
339 1814 443 1894 πολλῷ
458 1811 556 1894 χρόνῳ
599 1805 760 1896 τετιηότες]
777 1808 955 1888 λυπούμενοι

178 1929 230 1996 32.
255 1909 448 1999 ἀφραδέοντι]
469 1913 657 1976 ἀσυνετοῦντι
722 1931 775 1998 33.
798 1909 817 1990 ἢ
832 1910 916 1991 θέμις
931 1905 1029 1996 ἐστίν]
1047 1909 1086 1975 ὡς
1102 1909 1190 1988 νόμος
1207 1905 1289 1970 ἐστίν
1305 1919 1341 1978 15

178 2026 230 2100 35.
254 2017 313 2096 φδς
328 2013 411 2103 ἔμεν]
429 2016 520 2080 είπδν
535 2015 610 2093 εἶναι
654 2037 656 2040 ’

177 2119 231 2198 48.
254 2116 382 2206 τέκμωρ]
399 2119 487 2184 τέλος

177 2223 231 2305 58.
256 2219 435 2310 ὁπλότατος]
452 2222 591 2303 νεώτερος
721 2217 879 2307 γενεῆφιν]
899 2220 995 2284 λείπει
1010 2220 1027 2298 ή
1043 2221 1075 2283 ἐκ

178 2324 346 2404 πεπνυμένα
359 2322 477 2412 βάζεις]
495 2327 623 2407 φρόνιμα
637 2324 739 2407 λέγεις

180 2427 231 2512 63.
255 2425 427 2516 ἀθέμιστος]
444 2429 551 2505 ἄδικος,
568 2429 677 2508 ἄνομος
807 2424 959 2515 ἀνέστιος]
976 2427 1076 2492 ἄοικος
1303 2438 1341 2476 ²0

179 2531 231 2612 67.
255 2529 350 2620 παρὰ]
367 2533 432 2596 ἀντὶ
449 2538 502 2597 τοῦ
516 2534 586 2611 περί

180 2648 231 2719 75.
255 2635 373 2714 βουλὴν
386 2631 553 2723 βουλεύσῃ]
570 2636 784 2716 παρονομασία
916 2633 967 2714 76.
992 2629 1127 2720 πυκινῆς]
1146 2633 1269 2708 συνετῦς

179 2739 231 2821 78.
254 2737 433 2827 διαρραίσει]
451 2743 605 2819 διαφθερεῖ
734 2739 784 2800 8ο.
809 2734 984 2824 ἐσσεύοντο]
1003 2735 1128 2822 ἐξῄεσαν

107 2871 111 2877 ·
179 2860 232 2925 91.
255 2844 283 2905 οἱ
298 2839 322 2904 δ’
339 2838 384 2905 ἐπ’
401 2838 526 2929 ὀνείαθ’]
551 2843 579 2903 οἱ
601 2842 633 2904 δέ
656 2842 703 2904 ἐπὶ
725 2843 762 2904 τά
782 2841 883 2920 έτοιμα
903 2841 1047 2921 βρώματα
1066 2837 1216 2918 ἐξέτειναν
1233 2837 1287 2902 τὰς

133 2949 236 3028 χεῖρας
252 2943 299 3008 καὶ
313 2943 417 3023 ἤσθιον
1302 2947 1339 3008 ²5

179 3068 231 3133 93.
254 3044 403 3136 ὑφαίνειν]
421 3047 648 3125 κατασκευάζειν

181 3151 252 3215 106.
277 3148 352 3229 ἐξέτι
366 3155 418 3216 τοῦ
433 3147 497 3238 ὅτε]
516 3150 565 3215 ἀπ’
582 3153 694 3215 ἐκείνου
709 3154 761 3214 τοῦ
776 3152 885 3233 χρόνου
901 3149 957 3216 έως
972 3155 1024 3214 τοῦ
1039 3153 1092 3214 νῦν

182 3274 254 3339 109.
277 3252 498 3342 ἀπεμυθεόμην]
516 3256 699 3336 ἀπηγόρευον

182 3377 252 3443 119.
275 3354 469 3445 λευγαλέῃσι]
487 3361 568 3424 δίνας
582 3359 720 3438 ὀλεθρίας

94 3481 97 3487 ’
182 3480 253 3548 123.
278 3459 419 3550 αἴθωνας]
438 3462 505 3528 τοὺς
519 3462 593 3543 πρὸς
607 3467 666 3543 πῦρ
681 3462 862 3541 ἐπιτηδείους
1023 3535 1024 3538 ¹
1300 3480 1340 3537 30

182 3584 252 3644 124.
276 3562 403 3652 πηγοὺς]
421 3566 565 3648 εὐπαγεῖς,
582 3566 735 3646 εὐτραφεῖς
870 3558 1072 3648 ἀθλοφόρους]
1089 3561 1242 3642 γενναίους

182 3684 253 3753 125.
277 3665 395 3757 ἀλήϊος]
412 3668 512 3748 πένης,
529 3669 638 3750 ἄπορος

181 3773 252 3840 126.
276 3770 429 3861 ἐριτίμοιο]
445 3773 648 3855 μεγαλοτίμου

181 3892 252 3960 127.
275 3874 444 3964 ἠνείκαντο]
460 3874 706 3955 περιεποιήσαντο

181 3996 252 4065 137.
278 3977 360 4068 ἀλις]
378 3985 522 4062 δαψιλῶς,
540 3982 643 4045 ἱκανῶς

177 4081 353 4172 νηησάσθω]
369 4082 566 4166 πληρωσάτω,
582 4081 783 4162 σωρευσάσθω

180 4188 250 4273 138.
273 4172 457 4275 δατεώμεθα]
473 4187 656 4267 μεριζόμεθα
785 4181 879 4272 ληίδ’]
898 4186 936 4248 τδ
950 4181 1070 4263 λάφυρα

181 4311 252 4374 141.
277 4290 382 4380 οὐθαρ]
399 4294 533 4374 γόνιμον,
548 4293 677 4373 λιπαρόν

76 4428 82 4447 2
109 4439 114 4445 .
181 4415 251 4482 143.
276 4398 363 4483 θαλίῃ
380 4396 424 4460 ἐνὶ
439 4393 552 4483 πολλῇ]
570 4398 603 4460 ἐν
617 4394 718 4481 πολλῇ
734 4392 843 4476 εὐωχίᾳ

182 4519 253 4584 153.
276 4496 391 4584 νέαται]
408 4526 454 4581 γρ.
472 4499 519 4562 καὶ
535 4498 633 4563 ναέται
