2954 4936
533 229 705 288 1111on
734 229 773 289 ο.
803 227 888 311 (ιο)
1240 225 1283 287 69

187 388 259 471 176.
288 378 454 479 *κέλεται]
477 412 528 478 γρ.
546 381 685 454 κέλευε.

188 505 259 587 178.
287 494 359 568 *άτι
385 506 501 578 πτῶσις
526 496 690 587 ἤλλακται,
713 497 741 570 ει’
762 497 794 569 δὲ
819 496 902 595 αὐτῷ
923 492 1065 568 οἷντδτοῶ
1088 497 1117 569 εί
1138 495 1170 569 δέ
1192 497 1284 570 αῶτοῶ

132 622 200 694 τοῖς
218 612 314 685 έτεσι·
339 610 373 685 πθ
390 614 449 712 γδιρ
467 609 590 712 οἷαῦτῷ
608 614 687 688 ε’στι.

190 750 263 821 179.
291 727 369 801 *καὶ
386 732 492 822 κεῖνος]
515 729 549 802 έκ
564 731 695 826 πλήρους
712 727 761 802 τδν
779 728 943 823 σύνδεσμον
960 728 1173 827 Ἀρίσταρχος.

187 842 396 943 *πολεμίζων]
422 843 587 935 Ζηνάδοτος
604 845 654 917 διδι
670 852 722 917 τοῶ
742 858 766 934 ζ.
1297 861 1315 922 5

189 968 261 1053 183.
289 960 333 1032 θτι
360 959 394 1032 τῶ
421 960 647 1056 στυγέουσιν
667 957 725 1032 άπδ
755 971 831 1055 μιᾶς
856 959 954 1056 ἀρχῆς
982 959 1010 1031 έν
1035 959 1163 1057 διαφορᾷ
1188 959 1285 1050 μετά-

133 1107 237 1171 γεται,
261 1084 306 1148 νῶν
327 1077 383 1170 μέν
406 1075 546 1163 δεδίασιν,
569 1075 639 1149 θ’ταν
661 1076 692 1148 δὲ
717 1074 786 1177 είπη
809 1086 829 1114 “
841 1073 1005 1173 σμερδαλέ’
1024 1073 1174 1171 εθράεντα,
1192 1077 1233 1146 τά
1249 1106 1284 1147 τε

136 1194 298 1287 στυγέουσι
325 1191 388 1264 θεοί
408 1195 487 1288 περ”
510 1192 563 1290 (IL
588 1219 640 1279 20,
664 1196 731 1288 65),
757 1191 823 1263 ἀντὶ
848 1199 901 1264 τοῶ
926 1199 1081 1283 μισοῶσιν·
1118 1190 1233 1263 “κατδι
1258 1190 1285 1261 δ’

135 1307 249 1404 ’έστυγε
277 1316 366 1404 μῦθον
391 1309 548 1391 αἰκοθσας”
572 1310 626 1402 (Il.
657 1331 708 1400 17,
735 1306 828 1405 694).
862 1306 1119 1403 κατεστίγνασεν,
1144 1306 1203 1380 οἷπδ
1229 1316 1285 1396 τῆς

135 1421 219 1496 κατοδ
234 1423 269 1496 rb
284 1424 437 1523 πράσωιιον
455 1423 666 1522 στυγνάτητος.
1301 1451 1338 1492 10

189 1539 250 1613 *οἱ
263 1541 451 1640 άστερίσκοι,
471 1541 516 1615 ῶτι
535 1541 662 1614 έντεῶθεν
676 1541 870 1634 μετάκεινται
888 1539 955 1625 άνω,
974 1538 1031 1637 οῶχ
1048 1540 1145 1637 ὑγιῶς.

190 1664 263 1748 187.
280 1667 361 1755 τρεῖς
377 1660 436 1756 γάρ
454 1655 483 1730 τ’
503 1657 537 1729 έκ
554 1656 679 1753 Κράνον]
698 1653 748 1728 διδ
763 1665 819 1728 τῶν
836 1655 884 1727 δῶο
901 1657 921 1727 fc
936 1658 1106 1753 γράφοντος
1123 1654 1286 1754 Ἀριστάρ-

136 1804 196 1868 χου
214 1772 253 1846 έκ
270 1780 412 1871 Κρόνον,
437 1772 469 1845 οῶ
493 1773 667 1870 κατεπείγει
688 1773 890 1858 διαστέλλειν,
914 1770 954 1852 ῶς
976 1804 1054 1853 τινες
1077 1773 1218 1858 άξιοῶσιν,
1237 1769 1286 1843 έτδ

136 1886 172 1961 τδ
196 1890 302 1982 εἶμέν.
337 1891 382 1983 μη
405 1891 543 1982 κειμένης
565 1887 624 1986 γάρ
642 1898 698 1978 τῆς
722 1889 885 1985 προθέσεως
908 1891 1110 1984 ὁμολογοῦμεν
1127 1887 1165 1970 ὦς
1186 1883 1286 1983 άμφί-

138 2012 233 2090 βολος
250 2004 284 2095 ἦν
299 2011 319 2096 ἡ
335 2003 470 2102 προφοροὶ
488 2001 704 2101 συναπτομένη,
723 2012 769 2075 νῶν
787 2004 818 2076 δὲ
836 2005 868 2077 οὗ
885 2003 1068 2101 κατεπείγει.
1303 2030 1339 2091 15

190 2119 310 2202 *οῶτως
329 2122 533 2218 Ἀρίσταρχος
551 2122 600 2194 διὰ
618 2132 674 2194 τῶν
691 2122 739 2194 δίο
757 2123 784 2195 κ.

187 2235 271 2336 Ῥέα]
296 2238 324 2309 οἷ
346 2238 401 2330 μέν
425 2235 586 2310 έκτείνονσι
610 2234 644 2308 τθ
668 2240 703 2322 α’,
722 2236 771 2309 έπδ
795 2237 826 2308 δέ
849 2244 901 2307 τοῦ
927 2236 1128 2334 έπιρρῆματος
1154 2234 1287 2306 συστέλ-

138 2370 250 2426 λουσιν·
278 2353 306 2425 οἷ
330 2353 361 2425 δέ
383 2366 465 2446 φασι
492 2354 551 2425 δεῖν
574 2353 767 2438 συστέλλειν,
791 2348 838 2424 ἵνα
863 2352 1012 2432 δάκτυλος
1036 2353 1169 2446 γένηται,
1194 2351 1232 2429 ῶς
1252 2346 1287 2420 τδ

141 2470 232 2554 “τῶξ
254 2466 363 2567 άγαθδν
387 2468 607 2542 Πολυδειίκεα”
626 2475 727 2562 (11.3,
748 2474 825 2564 237)
843 2465 1021 2564 “άνδράμεα
1044 2467 1116 2566 κρέα
1126 2464 1144 2495 ”
1162 2472 1235 2560 (od.
1256 2494 1287 2559 9,

139 2595 215 2681 347)
236 2598 258 2629 “
269 2586 373 2659 είσατο
391 2584 532 2682 τεθχεα.”
1303 2621 1341 2660 το

193 2710 262 2796 189.
289 2703 407 2794 φυσικὴ
429 2700 571 2793 φαίνεται
598 2703 735 2787 διάταξις
758 2700 950 2798 γεγενημένη.
987 2704 1001 2773 o‘
1022 2701 1077 2795 μὲν
1099 2699 1159 2795 γδιρ
1182 2696 1216 2770 πθ
1238 2707 1288 2788 δην

138 2819 342 2918 παρεχάμενος
358 2818 435 2900 Ζεδς
452 2818 634 2912 ῶνάμασται,
649 2823 663 2892 o‘
681 2820 712 2891 δέ
730 2821 783 2907 την
796 2819 887 2916 θγρδιν
905 2815 1008 2890 οῶσίαν
1024 2815 1083 2889 άπδ
1101 2826 1157 2905 τῆς
1172 2814 1289 2897 πάσεως

139 2937 303 3020 Ποσειδῶν,
313 2934 424 3024 ’Ἅιδης
442 2936 474 3008 δέ
491 2939 506 3009 θ
523 2938 646 3016 θάνατος
662 2934 744 3033 παρῶ
761 2933 796 3006 τδ
815 2933 961 3007 σκοτεινδν
977 2930 1029 3007 καὶ
1046 2933 1142 3014 άειδές
1160 2941 1216 3022 τῆς
1233 2941 1289 3005 τῶν

139 3051 288 3146 άνθρῶπων
304 3051 467 3134 ἀπωλείας.

189 3169 300 3266 τριχθδι
325 3169 356 3241 δέ
382 3171 482 3240 πάντα
507 3164 664 3256 δέδασται]
690 3164 742 3240 καὶ
768 3167 930 3263 έμπροσθεν
951 3164 1019 3264 περὶ
1044 3166 1149 3239 τοιίτον
1171 3165 1287 3261 είρηται
1303 3203 1340 3264 ²5

140 3287 255 3373 ἱκανῶς,
277 3282 330 3358 ῶτε
357 3284 500 3382 ἐλέγομεν
524 3284 591 3384 περὶ
617 3295 668 3358 τοῦ
687 3284 760 3384 (18)
780 3284 826 3375 “ἢ
853 3285 885 3358 οὗ
909 3287 1010 3385 μέμνῃ
1027 3281 1081 3356 θτε
1098 3286 1127 3355 τ’
1145 3283 1287 3380 έκρέμω,”

139 3403 354 3502 ἀκριβέστερον
380 3402 412 3474 δέ
437 3399 488 3474 καί
514 3410 570 3476 νῶν.
597 3402 648 3474 διδ
671 3401 731 3498 γδιρ
757 3401 866 3473 τονίτων
883 3404 897 3473 ὁ
914 3402 1040 3490 ποιητης
1065 3400 1118 3488 την
1142 3399 1289 3494 κοσμικὴν

139 3519 305 3591 αι’νίττεται
339 3518 445 3612 φάσιν,
473 3517 538 3625 Δία
570 3519 626 3614 μέν
660 3516 709 3590 τδν
743 3519 882 3590 ἀνωτάτω
916 3516 1119 3611 ὑποτιθέμενος
1153 3515 1289 3612 διάπυρον

138 3637 223 3734 αἰέρα,
244 3633 349 3733 Ἥραν
383 3635 414 3708 δέ
448 3633 497 3708 τῶν
527 3635 667 3732 δείτερον·
707 3631 759 3707 καδ
793 3633 906 3716 ταίτην
938 3631 1033 3724 φησὶν
1063 3631 1117 3704 §ab
1145 3634 1289 3703 Ὠκεανοῶ

139 3755 313 3849 τεθράφθαι,
331 3751 432 3841 ε’πειδη
458 3751 493 3824 έκ
517 3761 573 3842 τῆς
598 3761 654 3825 τῶν
676 3750 768 3848 ὑγρῶν
792 3752 1017 3846 ἀναθυμιάσεως
1041 3748 1157 3845 γίνεται
1182 3749 1286 3846 θ’άῆρ.
1303 3789 1342 3845 30

182 4013 209 4073 5.
245 4000 287 4056 διὰ
313 4004 360 4056 τοῦ
384 3992 412 4080 Π
437 3998 515 4057 Nam
537 3997 589 4058 alii
612 4002 691 4056 πολε·
779 3999 823 4056 16.
845 3999 890 4056 δύο
903 3993 966 4135 κγβ
980 3995 1003 4054 ff.

138 4082 229 4153 μίξων.
778 4083 824 4137 18.
846 4082 898 4135 δεῖν
940 4072 995 4157 ΞΠ]
1010 4077 1051 4132 δεῖ

182 4163 210 4219 6.
231 4161 271 4218 ὅτι
285 4160 360 4220 delet
375 4159 509 4219 cobetus.
779 4174 825 4234 25.
858 4160 1038 4232 *Πορφυρίον
1067 4155 1229 4232 praefixum
1256 4156 1288 4214 in

182 4262 210 4317 9.
237 4243 288 4299 ἀπὸ
310 4238 578 4322 τῆμσπιγνότητος]
612 4241 692 4300 Haeo
733 4240 807 4300 aliis.

138 4322 234 4382 aliena
247 4342 307 4381 esse
320 4326 418 4383 monet
432 4321 576 4382 Lohrsius.
777 4342 823 4398 29.
846 4321 915 4378 Post
937 4321 1056 4394 δεύτερον
1080 4318 1110 4377 in
1132 4317 1161 4377 A
1188 4319 1287 4378 decem

185 4423 232 4464 ιτ.
246 4405 272 4477 i]
288 4405 326 4476 ιῖκ,
341 4411 375 4463 ut
388 4423 473 4480 saepe
483 4410 550 4481 post
564 4405 609 4462 δύο
620 4403 693 4463 duae
734 4403 793 4463 fere
802 4401 940 4461 vocabula
953 4407 1021 4460 sunt
1035 4419 1122 4460 erasa.

138 4483 255 4546 litterae
268 4486 435 4546 scribuntur
447 4505 501 4562 pro
515 4504 581 4546 una.
777 4503 825 4560 30.
847 4481 919 4540 *τῶν
932 4479 1028 4564 ὑγρῶν]
1043 4489 1094 4542 τῶν
1107 4502 1163 4543 om.
