2954 4936
500 233 671 293 ninnoa
702 233 792 306 aa.
823 229 931 312 (aa)

185 384 262 467 438.
285 379 476 470 άγειρόντων]
501 384 566 446 ἀντὶ
581 389 633 446 τοΰ
648 383 848 465 άγειρέτωσαν

185 506 261 568 440.
285 483 450 574 ἐγείρομεν]
472 487 538 551 ἀντὶ
552 493 604 550 τοῦ
623 489 781 569 ἐγείρωμεν

186 605 261 672 447.
285 587 429 678 ἐρίτιμον]
450 593 650 672 μεγαλότιμον

187 693 262 773 604.
285 696 427 758 Αἰπύτιον
443 698 520 775 παρὰ
535 691 664 782 τύμβον]
688 699 740 757 τοῦ
758 694 920 776 Αἰγυπτίου
1264 761 1269 766 ,

188 811 262 879 739.
286 793 441 886 Ἠλώνην]
467 799 504 864 ὡς
520 799 666 876 Μεθώνην
903 793 907 799 ’
1311 809 1329 870 5

188 900 230 980 76
231 913 262 982 5.
285 899 440 988 σταφύλῃ]
462 893 635 983 όπαροξυά.
669 898 842 984 (Vocabuio
856 897 1052 979 παροξυσμὸς,
1062 894 1144 980 qued
1159 894 1298 959 alienum

141 1003 258 1067 abhoc
276 1003 342 1068 loeo
358 1009 416 1084 est,
432 1004 534 1068 utitur
552 1004 728 1082 scholiasta,
740 1004 799 1069 vol.
813 1023 832 1070 2
845 1025 876 1086 p.
890 1005 961 1087 156,
974 1016 1004 1085 5.
1020 1000 1091 1081 πρὸς
1106 998 1298 1081 παροξυσμὸν

141 1113 196 1171 τοῦ
212 1107 402 1191 Ἀχιλλέως.)
509 1107 551 1173 In
569 1108 714 1193 margine
729 1106 855 1194 διαβήσῃ

190 1211 263 1295 798.
283 1211 373 1291 ῆμέν
388 1207 439 1298 δῆ]
458 1209 514 1289 ἥδη
528 1212 585 1290 μέν
715 1211 789 1290 814.
814 1205 962 1295 Μυρίνης]
986 1209 1080 1287 ὄνομα

645 1388 677 1448 τ.
722 1382 798 1466 (3)

188 1538 240 1585 22.
266 1521 428 1604 ἐρχόμενον
449 1519 646 1602 προπάροιθεν
668 1515 788 1606 ὁμίλου]
821 1518 855 1582 τὸ
879 1516 1079 1598 προπάροιθεν
1103 1515 1207 1594 ὁμίλου
1233 1511 1298 1591 ἤτοι

142 1629 206 1688 τοῖς
223 1624 321 1688 ἐπάνω
341 1624 521 1704 προσδοτέον
536 1622 554 1702 ῆ
570 1629 631 1689 τοῖς
655 1622 733 1703 ἑξῆς.
766 1619 905 1700 Μςςδαῆ
925 1627 987 1688 τοῖς
1010 1622 1076 1698 ἑξῆς
1097 1616 1203 1682 addidi
1225 1637 1299 1679 eum
1337 1628 1341 1635 “

143 1724 274 1805 cobeto,
290 1731 324 1790 et
343 1731 445 1790 totam
466 1725 702 1790 annotationem
723 1724 808 1789 inter
827 1723 944 1788 scholia
964 1724 1067 1806 recepi
1086 1746 1115 1805 p.
1131 1723 1201 1802 138,
1217 1741 1247 1806 3,
1264 1719 1299 1782 in

142 1829 258 1913 quibus
280 1829 458 1914 saepissime
481 1835 626 1894 monetur
647 1828 799 1913 aliquid-a
815 1835 876 1895 τοῖς
897 1828 994 1892 ἐπάνω
1010 1827 1027 1908 ῆ
1042 1833 1103 1892 τοῖς
1120 1828 1186 1904 ἑξῆς
1204 1849 1297 1906 προα-

143 1934 247 1998 δοτέον
265 1934 350 1998 εἶναι.
1228 1936 1229 1939 ’
1315 1947 1351 2008 15

189 2051 241 2121 35.
265 2035 401 2126 παρειάς]
425 2024 663 2118 μεταπλασμός.
690 2036 816 2120 Duplex
841 2035 904 2098 fuit
930 2033 1095 2117 seriptum,
1118 2029 1241 2112 παρειάς
1266 2035 1299 2093 et

142 2141 260 2222 παρειά,
275 2143 313 2209 de
329 2164 390 2225 qua
404 2164 435 2206 τ.
451 2141 569 2205 scholia
584 2144 617 2204 eb
632 2141 680 2203 La
696 2140 802 2204 Roehe
818 2139 935 2204 Τιαίίιν.
951 2162 982 2222 p.
1000 2157 1074 2223 332.

188 2263 241 2328 49·
266 2242 350 2333 ννόν]
372 2247 488 2326 νύμφην

189 2362 242 2430 55.
265 2349 298 2411 ἐν
313 2349 427 2435 κονίῃσι
441 2345 570 2436 μιγείης]
591 2349 653 2412 ἀντὶ
668 2353 720 2410 τοῦ
736 2349 807 2410 ὅταν
822 2345 970 2432 συνέλθῃς
988 2348 1029 2410 εἰς
1045 2343 1144 2425 μάχην

190 2469 242 2532 79.
265 2449 488 2538 ἐπετοξάζοντο]
513 2455 548 2514 τὰ
563 2452 636 2530 τόξα
651 2453 764 2516 ἔτεινον
1314 2474 1353 2514 20

1313 1326 1351 1366 10

144 2583 148 2590 ·
190 2554 242 2616 80.
258 2551 476 2642 τιτυσκόμενοι]
495 2557 784 2638 καταστοχαζόμενοι
852 2550 903 2638 83.
921 2547 1057 2638 στεῦται]
1072 2554 1298 2631 διαβεβαιοῦται

190 2676 264 2740 213.
288 2655 498 2746 ἐπιτροχάδην]
522 2660 673 2737 συντόμως
771 2675 845 2743 391.
867 2651 1048 2742 δεινωτοῖσι]
1068 2653 1299 2735 τετορνευμένοις

636 2837 674 2892 Δ.
723 2830 798 2911 (4.)

189 2980 264 3027 121.
289 2961 476 3052 ἐπιπτέσθαι]
497 2967 637 3043 ἐμπεσεῖν
770 2979 841 3049 155.
865 2959 1006 3050 ἔταμνον]
1024 2963 1082 3045 ἐγδ
1098 2963 1235 3042 δηλονότι

188 3083 263 3147 190.
288 3066 498 3157 ἐπιμάσσεται]
522 3068 710 3150 ψηλαφήσει,
729 3068 881 3151 ἐφάψεται
1315 3058 1353 3120 ²5

185 3187 264 3234 212.
290 3171 404 3238 ἰσόθεος
419 3169 498 3260 φάς]
521 3174 537 3234 ὁ
554 3171 690 3254 Μαχάων

183 3290 264 3352 242.
289 3271 423 3364 ἰόμωροι]
447 3277 512 3357 περὶ
535 3276 570 3359 (ir
587 3276 630 3358 A)
653 3276 732 3356 βέλη
754 3275 965 3358 μεμωρημένοι,
990 3277 1135 3342 ἐπιπόνως
1157 3276 1300 3355 ἀναστρε-

131 3377 272 3460 φόμενοι
551 3389 554 3397 ’

180 3481 217 3544 ού
234 3503 273 3542 νυ
288 3477 434 3571 σέβεσθε]
459 3483 510 3546 οὐκ
527 3483 701 3563 ἐντρέπεσθε
833 3497 906 3564 274.
931 3478 1036 3570 νέφος]
1061 3480 1216 3563 μεταφορά

181 3583 261 3650 282.
285 3583 472 3673 πεφρικυῖαι]
494 3587 716 3664 πεπυκνωμέναι
1317 3615 1356 3672 3ο

181 3688 259 3770 289.
282 3686 391 3777 θυμός]
412 3689 508 3753 πέσοι.
553 3689 765 3753 Referendum
780 3689 821 3752 ad
835 3690 951 3772 γένοιτο

181 3791 256 3872 308.
282 3791 312 3852 οἱ
328 3789 483 3880 πρότεροι]
508 3792 644 3857 αἰπόλοι
777 3814 850 3880 334.
869 3789 996 3881 πύργος]
1021 3793 1172 3874 τῖάνδρες

181 3894 257 3980 338.
282 3890 306 3955 ὦ
322 3896 366 3958 υἱὲ
383 3893 523 3986 Πετεῶο]
541 3897 594 3961 τὸν
609 3898 768 3962 Μενεσθέα

184 4010 258 4083 345.
281 3997 334 4075 ῆδέ
352 3999 505 4090 κύπελλα]
528 4001 672 4064 λείπειτὸ
689 4003 756 4066 ἐστί

186 4115 259 4186 359.
282 4096 460 4187 περιώσιον]
483 4103 628 4186 περιττὸν,
644 4107 801 4190 ὑπερέχον,
817 4111 966 4188 περισσῶς
1319 4126 1358 4188 35

189 4203 259 4289 384.
282 4201 331 4264 ἐπὶ
346 4199 444 4288 Τυδῆ]
467 4208 502 4272 τὸ
522 4210 569 4275 ἐπὶ
590 4214 727 4287 περιττόν
743 4209 965 4295 (subscriptum
980 4207 1085 4272 versui
1100 4205 1155 4291 qui
1170 4203 1305 4290 paginae

144 4306 272 4384 ulssimus
287 4303 350 4383 est)

186 4423 252 4490 4⁰3·
277 4403 345 4468 ⁰25⁹
364 4410 543 4506 Καππνῆος]
561 4418 577 4478 ὁ
594 4416 741 4485 Σθένελος

174 4527 237 4601 43]·
277 4505 516 4610 πολυπάμονος]
542 4521 764 4602 πολυκτήμονος
