2954 4936
488 258 491 265 ·
526 239 697 299 1A1AA02
728 241 774 304 M„
806 237 889 320 (ιι)
1220 233 1282 298 331

179 387 252 453 820.
277 386 443 477 σχήσουσι]
465 392 632 455 κωλύσουσι
753 391 825 458 821.
847 388 1021 479 φθίσονται]
1039 388 1283 472 ἀναιρεθήσονται

178 489 252 576 823.
276 489 388 581 ἆλκιο]
405 493 547 574 ἀλέξημα.
563 494 702 574 βοήθημα

177 592 251 678 830.
276 591 343 684 νίζ’]
360 598 455 661 πλΰνε
541 594 650 685 λιαρῷ]
668 598 807 683 εὐκράτῳ,
823 599 956 683 χλιαρῶ

178 695 252 783 833.
277 700 369 781 ἰητροὶ
383 701 440 779 μὲν
454 697 526 788 γάρ]
544 707 602 765 τῶν
618 704 726 783 ἰατρῶν
739 704 795 780 μὲν
809 702 866 783 γάρ

178 800 251 886 838.
276 808 337 870 πῶς
351 804 376 866 τ’
392 803 435 885 ἀρ’
452 800 511 892 ἔοι]
528 811 589 870 πῶς
603 805 691 868 τοῦτο
706 803 814 887 γένοιτ’
831 806 870 868 ἀν
1299 811 1317 871 5

177 903 251 986 842.
274 905 331 971 ὖπδ
347 907 481 985 στέρνοιο
496 903 616 994 λαβὼν]
629 907 674 970 ὅτι
691 908 767 986 (ἀντὶ
781 908 833 971 τοῦ
853 905 1004 988 Οοδθδαε)
1016 906 1181 986 ὑπολαβὼν
1193 907 1283 970 αὐτοῦ

131 1008 201 1074 τοὺς
215 1008 352 1091 στέρνους
368 1009 436 1094 (sic)

177 1110 250 1196 843.
273 1111 415 1202 ὑπέχευε]
435 1113 608 1196 ὑπέστρωσε
621 1115 738 1196 βύρσας

178 1214 251 1294 844.
276 1214 451 1304 ἐκτανύσας]
469 1219 644 1296 έξαπλιίσας

177 1316 251 1401 845.
274 1315 461 1407 περιπευκές]
478 1325 626 1402 περισσῶς
640 1321 746 1399 πικρόν

178 1417 251 1501 847.
275 1420 475 1510 ὀδυνήφατον]
493 1426 603 1488 ὀδυνῶν
618 1425 780 1488 παυστικόν

176 1517 249 1597 848.
272 1518 354 1608 ἔσχ’]
372 1521 508 1606 ἐπέσχεν,
525 1522 655 1587 ἔπαυσεν
786 1518 936 1609 ἐτέρσετο]
955 1522 1123 1602 ἑξηραίνετο
1238 1547 1240 1552 ·

621 1717 664 1775 Μ.
707 1712 791 1795 (12)

178 1848 206 1892 1.
229 1830 268 1895 ῶς
284 1832 300 1893 δ
313 1829 384 1920 μὲν]
402 1833 477 1896 ούτω
491 1831 548 1912 μὲν
562 1833 646 1899 οὗτος
664 1823 711 1911 (οὗ
726 1836 780 1912 μὲν
795 1822 830 1898 οὗ
844 1833 888 1916 Α)
980 1916 984 1919 Δ

174 1935 207 1996 ε’ν
222 1931 371 2022 κλισίῃσι]
390 1937 423 2000 έν
434 1942 498 2003 τοῖς
513 1941 635 2015 σκηναῖς

174 2057 205 2122 3.
229 2035 385 2127 ὁμιλαδόν]
401 2041 558 2119 παμπληθί
642 2059 673 2117 4.
696 2035 824 2125 τάφρος]
842 2038 876 2102 τδ
892 2039 1007 2120 ὄρυγμα

174 2138 317 2229 σχήσειν]
335 2141 468 2221 ἀνθέξειν

175 2255 204 2323 7.
227 2241 331 2332 ληίδα]
349 2247 445 2310 σκῦλα

175 2345 204 2411 8.
226 2344 340 2436 ῥύοιτο]
357 2349 502 2427 φυλάττοι
632 2346 748 2437 ἀέκητι]
769 2348 899 2432 ἀβουλίᾳ

174 2468 204 2532 9.
228 2448 369 2540 ἔμπεδον]
387 2455 532 2536 ἀσφαλὲς,
550 2455 673 2538 ίσχυρόν

176 2573 226 2621 12.
249 2553 359 2643 τόφρα]
377 2557 425 2619 ἐπὶ
438 2558 583 2621 τοσοῦτον
714 2551 855 2641 ἔμπεδον]
872 2554 1011 2618 έπίπεδον

176 2675 225 2736 14.
249 2655 355 2746 δάμεν]
373 2659 557 2740 ἀνῃρέθησαν
689 2673 739 2740 17.
761 2653 938 2744 μητιόωντο]
956 2656 1156 2736 ἐβουλεύοντο

176 2755 225 2820 18.
250 2755 430 2846 ἀμαλδῦναι]
452 2759 666 2840 καταστρέψαι,
683 2759 829 2839 ἀφανίσαι

171 2867 310 2940 ποταμῶν
323 2860 428 2950 μένος]
445 2861 631 2944 περίφρασις,
649 2861 715 2927 τοὺς
731 2861 878 2948 ποταμούς

174 2983 278 3031 2ο-2
281 2986 311 3050 3.
338 2965 480 3050 Singulis
497 2965 665 3029 fluviorum
680 2962 860 3028 nominibus
877 2960 1123 3046 superscriptum
1141 2946 1182 3025 τό

173 3085 224 3133 22.
247 3064 393 3156 βοάγρια]
411 3067 568 3149 σκουτάρια
698 3061 889 3153 τρυφάλειαι]
906 3071 1137 3147 περικεφαλαῖαι

174 3189 223 3256 23.
246 3169 388 3258 ἡμιθέων]
405 3173 509 3254 ἡρώων
640 3189 691 3251 24.
716 3166 823 3256 ὁμόσε]
841 3170 912 3249 δμοῦ

173 3287 224 3356 25.
247 3272 389 3362 ἐννῆμαρ]
408 3276 455 3339 ἐπὶ
473 3273 499 3337 θ
514 3273 622 3356 ἡμέρας
638 3275 751 3353 ἔπεμπε
766 3273 799 3336 τὸ
813 3275 906 3353 ῥεῦμα
922 3276 965 3340 είς
979 3272 1013 3335 τδ
1029 3279 1125 3356 τεῖχος

173 3378 224 3444 26.
248 3376 388 3466 συνεχές]
404 3380 599 3445 ἀδιαλείπτως

173 3499 224 3563 29.
248 3479 375 3570 φιτρῶν]
393 3487 515 3563 κορμῶν,
532 3479 630 3560 ξύλων

171 3604 222 3670 30.
245 3580 327 3673 λεῖο]
345 3585 444 3665 ὁμαλά
512 3579 514 3584 ’
574 3580 735 3672 ἀγάρροον]
752 3586 831 3666 παρὰ
845 3581 897 3646 τὸν
912 3583 988 3665 ἄγαν
1002 3583 1097 3664 ῥοώδη

170 3687 413 3776 Ἑλλήσποντον]
431 3689 520 3769 ήύπδ
535 3691 645 3770 Τροίαν
662 3687 802 3752 θάλασσα

172 3812 223 3879 31.
246 3789 344 3880 ἠϊόνα]
362 3794 501 3874 αἰγιαλόν
632 3793 684 3877 36.
700 3787 861 3878 κανάχιζε]
878 3791 946 3874 ἤχει

171 3910 223 3983 37.
251 3897 323 3962 Διὸς
337 3893 473 3984 μάστιγι]
490 3899 529 3982 τῷ
546 3897 674 3981 κεραυνῷ

171 4001 222 4086 38.
248 3997 395 4087 ἐελμένοι]
413 4000 653 4081 σνγκεκλειμένοι
673 3997 929 4082 (συγκεκλιμμένοι
945 3997 987 4078 Α)

172 4099 372 4191 ἰσχανόωντο]
390 4105 572 4186 κατείχοντο,
589 4103 742 4167 ἐπείθοντο

169 4227 223 4289 41.
246 4203 437 4294 θηρευτῇσιν]
457 4207 489 4270 ἔν
503 4232 565 4270 τισι
580 4209 739 4286 θηρητῆρσι

169 4331 223 4391 42.
247 4308 421 4399 στρέφεται]
439 4311 484 4374 ὅτι
499 4311 564 4375 ἀντὶ
579 4312 630 4373 τοῦ
646 4310 810 4392 στρέφηται

169 4411 374 4501 βλεμεαίνων]
391 4416 635 4496 ἐπιρρωννύμενος

167 4530 220 4599 45.
245 4516 418 4605 κυδάλιμον]
436 4519 564 4597 ἔνδοξον,
580 4522 720 4598 γενναῖον
